<?xml version="1.0" encoding="UTF-8"?>
<!DOCTYPE html PUBLIC "-//W3C//DTD XHTML 1.0 Transitional//EN"
    "http://www.w3.org/TR/xhtml1/DTD/xhtml1-transitional.dtd">
<html xmlns="http://www.w3.org/1999/xhtml" xml:lang="en" lang="en">
 <head>
  <title>
</title>
<meta http-equiv="Content-Type" content="text/html;charset=utf-8" />
  <meta name='ocr-system' content='tesseract 3.04.00' />
  <meta name='ocr-capabilities' content='ocr_page ocr_carea ocr_par ocr_line ocrx_word'/>
</head>
<body>
  <div class='ocr_page' id='page_1' title='image "./spicilegiumsoph00blaygoog_0096.png"; bbox 0 0 3984 5850; ppageno 0'>
   <div class='ocr_carea' id='block_1_1' title="bbox 485 717 1176 781">
    <p class='ocr_par' dir='ltr' id='par_1_1' title="bbox 485 717 1176 781">
     <span class='ocr_line' id='line_1_1' title="bbox 485 717 1176 781; baseline -0.007 -1"><span class='ocrx_word' id='word_1_1' title='bbox 485 717 527 781; x_wconf 84' lang='grc'><strong><em>86</em></strong></span> <span class='ocrx_word' id='word_1_2' title='bbox 1027 730 1176 777; x_wconf 60' lang='lat' dir='ltr'>mimoni</span> 
     </span>
    </p>
   </div>
   <div class='ocr_carea' id='block_1_2' title="bbox 487 888 1715 1067">
    <p class='ocr_par' dir='ltr' id='par_1_2' title="bbox 487 888 1715 1067">
     <span class='ocr_line' id='line_1_2' title="bbox 576 888 1713 973; baseline -0.004 -18"><span class='ocrx_word' id='word_1_3' title='bbox 576 894 647 957; x_wconf 98' lang='grc'><strong>718.</strong></span> <span class='ocrx_word' id='word_1_4' title='bbox 673 890 716 957; x_wconf 89' lang='grc'><strong><em>01.</em></strong></span> <span class='ocrx_word' id='word_1_5' title='bbox 743 892 836 956; x_wconf 87' lang='grc'><strong>1029.</strong></span> <span class='ocrx_word' id='word_1_6' title='bbox 869 891 936 955; x_wconf 82' lang='grc' dir='ltr'><strong><em>ἀλλ’</em></strong></span> <span class='ocrx_word' id='word_1_7' title='bbox 959 892 1024 959; x_wconf 74' lang='grc' dir='ltr'><strong><em>εἶκε</em></strong></span> <span class='ocrx_word' id='word_1_8' title='bbox 1055 898 1102 973; x_wconf 81' lang='grc' dir='ltr'><strong><em>τῴ</em></strong></span> <span class='ocrx_word' id='word_1_9' title='bbox 1133 889 1264 954; x_wconf 87' lang='grc' dir='ltr'><strong><em>θανόντι</em></strong></span> <span class='ocrx_word' id='word_1_10' title='bbox 1295 893 1367 972; x_wconf 78' lang='grc' dir='ltr'><strong><em>(τοῦ</em></strong></span> <span class='ocrx_word' id='word_1_11' title='bbox 1390 890 1501 972; x_wconf 90' lang='grc' dir='ltr'><strong><em>θυμοῦ</em></strong></span> <span class='ocrx_word' id='word_1_12' title='bbox 1524 890 1598 968; x_wconf 71' lang='lat' dir='ltr'><strong><em>ui).</em></strong></span> <span class='ocrx_word' id='word_1_13' title='bbox 1628 889 1663 953; x_wconf 90' lang='grc'><strong><em>0.</em></strong></span> <span class='ocrx_word' id='word_1_14' title='bbox 1681 888 1713 951; x_wconf 88' lang='grc'><strong><em>0.</em></strong></span> 
     </span>
     <span class='ocr_line' id='line_1_3' title="bbox 487 978 1715 1067; baseline -0.005 -20"><span class='ocrx_word' id='word_1_15' title='bbox 487 984 581 1047; x_wconf 87' lang='lat'>1328.</span> <span class='ocrx_word' id='word_1_16' title='bbox 604 989 700 1067; x_wconf 89' lang='grc' dir='ltr'><strong><em>μήνιν</em></strong></span> <span class='ocrx_word' id='word_1_17' title='bbox 722 983 854 1064; x_wconf 89' lang='grc' dir='ltr'><strong><em>βαρεῖαν</em></strong></span> <span class='ocrx_word' id='word_1_18' title='bbox 877 981 1017 1048; x_wconf 74' lang='grc' dir='ltr'><strong><em>εἰκαθεῖν</em></strong></span> <span class='ocrx_word' id='word_1_19' title='bbox 1042 1018 1083 1027; x_wconf 94' lang='grc'>-</span> <span class='ocrx_word' id='word_1_20' title='bbox 1107 980 1184 1063; x_wconf 81' lang='grc' dir='ltr'><strong><em>τῷδ’</em></strong></span> <span class='ocrx_word' id='word_1_21' title='bbox 1207 980 1306 1062; x_wconf 86' lang='grc' dir='ltr'><strong><em>ἀνδρί.</em></strong></span> <span class='ocrx_word' id='word_1_22' title='bbox 1336 978 1410 1042; x_wconf 80' lang='lat' dir='ltr'>Eur.</span> <span class='ocrx_word' id='word_1_23' title='bbox 1433 978 1510 1044; x_wconf 73' lang='lat' dir='ltr'>Hoc.</span> <span class='ocrx_word' id='word_1_24' title='bbox 1535 980 1609 1042; x_wconf 94' lang='grc'><strong>403.</strong></span> <span class='ocrx_word' id='word_1_25' title='bbox 1631 979 1715 1061; x_wconf 90' lang='grc' dir='ltr'><strong><em>χάλα</em></strong></span> 
     </span>
    </p>
   </div>
   <div class='ocr_carea' id='block_1_3' title="bbox 484 1067 1851 1154">
    <p class='ocr_par' dir='ltr' id='par_1_3' title="bbox 484 1067 1851 1154">
     <span class='ocr_line' id='line_1_4' title="bbox 484 1067 1851 1154; baseline -0.004 -17"><span class='ocrx_word' id='word_1_26' title='bbox 484 1078 627 1137; x_wconf 79' lang='grc' dir='ltr'><strong><em>τοκεῦσιν</em></strong></span> <span class='ocrx_word' id='word_1_27' title='bbox 650 1072 782 1141; x_wconf 76' lang='grc' dir='ltr'><strong><em>εἰκότως</em></strong></span> <span class='ocrx_word' id='word_1_28' title='bbox 803 1071 1031 1154; x_wconf 84' lang='grc' dir='ltr'><strong><em>θυμουμένοις.</em></strong></span> <span class='ocrx_word' id='word_1_29' title='bbox 1059 1070 1127 1135; x_wconf 87' lang='lat' dir='ltr'>Ion.</span> <span class='ocrx_word' id='word_1_30' title='bbox 1152 1070 1225 1133; x_wconf 85' lang='lat'>648.</span> <span class='ocrx_word' id='word_1_31' title='bbox 1248 1075 1334 1133; x_wconf 88' lang='grc' dir='ltr'><strong><em>κεῖνο</em></strong></span> <span class='ocrx_word' id='word_1_32' title='bbox 1358 1068 1387 1132; x_wconf 88' lang='grc' dir='ltr'><strong><em>δ’</em></strong></span> <span class='ocrx_word' id='word_1_33' title='bbox 1412 1069 1472 1133; x_wconf 87' lang='grc' dir='ltr'><strong><em>οὐκ</em></strong></span> <span class='ocrx_word' id='word_1_34' title='bbox 1501 1067 1682 1151; x_wconf 84' lang='grc' dir='ltr'><strong><em>ἀνασχετὸν,</em></strong></span> <span class='ocrx_word' id='word_1_35' title='bbox 1708 1067 1712 1152; x_wconf 87' lang='grc'><strong><em>]</em></strong></span> <span class='ocrx_word' id='word_1_36' title='bbox 1850 1075 1851 1080; x_wconf 76' lang='grc'>’</span> 
     </span>
    </p>
   </div>
   <div class='ocr_carea' id='block_1_4' title="bbox 485 1156 1716 1692">
    <p class='ocr_par' dir='ltr' id='par_1_4' title="bbox 485 1156 1716 1514">
     <span class='ocr_line' id='line_1_5' title="bbox 486 1156 1716 1244; baseline -0.005 -18"><span class='ocrx_word' id='word_1_37' title='bbox 486 1164 578 1227; x_wconf 78' lang='grc' dir='ltr'><strong><em>εἴκειν</em></strong></span> <span class='ocrx_word' id='word_1_38' title='bbox 606 1161 686 1226; x_wconf 89' lang='grc' dir='ltr'><strong><em>ὁδοῦ</em></strong></span> <span class='ocrx_word' id='word_1_39' title='bbox 714 1161 858 1244; x_wconf 84' lang='grc' dir='ltr'><strong><em>χαλῶντα</em></strong></span> <span class='ocrx_word' id='word_1_40' title='bbox 887 1166 950 1230; x_wconf 89' lang='grc' dir='ltr'><strong><em>τοῖς</em></strong></span> <span class='ocrx_word' id='word_1_41' title='bbox 973 1162 1125 1226; x_wconf 82' lang='grc' dir='ltr'><strong><em>κακίοσιν.</em></strong></span> <span class='ocrx_word' id='word_1_42' title='bbox 1157 1157 1228 1223; x_wconf 74' lang='lat' dir='ltr'><strong>Hel.</strong></span> <span class='ocrx_word' id='word_1_43' title='bbox 1254 1160 1305 1221; x_wconf 91' lang='grc'><strong><em>80.</em></strong></span> <span class='ocrx_word' id='word_1_44' title='bbox 1339 1158 1420 1241; x_wconf 80' lang='grc' dir='ltr'><strong><em>ὀργή</em></strong></span> <span class='ocrx_word' id='word_1_45' title='bbox 1453 1158 1481 1221; x_wconf 81' lang='grc' dir='ltr'><strong><em>δ’</em></strong></span> <span class='ocrx_word' id='word_1_46' title='bbox 1504 1156 1571 1231; x_wconf 74' lang='grc' dir='ltr'><strong><em>εἶξα</em></strong></span> <span class='ocrx_word' id='word_1_47' title='bbox 1593 1158 1716 1240; x_wconf 87' lang='grc' dir='ltr'><strong><em>μᾶλλον</em></strong></span> 
     </span>
     <span class='ocr_line' id='line_1_6' title="bbox 485 1244 1714 1335; baseline -0.005 -20"><span class='ocrx_word' id='word_1_48' title='bbox 485 1254 506 1335; x_wconf 89' lang='grc' dir='ltr'><strong><em>ή</em></strong></span> <span class='ocrx_word' id='word_1_49' title='bbox 529 1251 564 1334; x_wconf 86' lang='grc' dir='ltr'><strong><em>μ’</em></strong></span> <span class='ocrx_word' id='word_1_50' title='bbox 581 1251 686 1335; x_wconf 77' lang='grc' dir='ltr'><strong><em>ἐχρῆν.</em></strong></span> <span class='ocrx_word' id='word_1_51' title='bbox 710 1249 882 1314; x_wconf 56' lang='grc'><strong>11711874.</strong></span> <span class='ocrx_word' id='word_1_52' title='bbox 908 1250 968 1315; x_wconf 88' lang='grc' dir='ltr'><strong><em>σῦκ</em></strong></span> <span class='ocrx_word' id='word_1_53' title='bbox 985 1249 1275 1332; x_wconf 86' lang='grc' dir='ltr'><strong><em>άπαλλαχθήσομαι</em></strong></span> <span class='ocrx_word' id='word_1_54' title='bbox 1295 1248 1300 1331; x_wconf 92' lang='grc' dir='ltr'>Ι</span> <span class='ocrx_word' id='word_1_55' title='bbox 1320 1248 1447 1329; x_wconf 66' lang='grc' dir='ltr'><strong><em>θυμοῦ·</em></strong></span> <span class='ocrx_word' id='word_1_56' title='bbox 1469 1244 1589 1312; x_wconf 84' lang='lat' dir='ltr'>Herod.</span> <span class='ocrx_word' id='word_1_57' title='bbox 1605 1246 1646 1309; x_wconf 89' lang='grc' dir='ltr'><strong><em>ΙΙ.</em></strong></span> <span class='ocrx_word' id='word_1_58' title='bbox 1663 1248 1714 1310; x_wconf 89' lang='grc'><strong><em>80.</em></strong></span> 
     </span>
     <span class='ocr_line' id='line_1_7' title="bbox 486 1336 1715 1425; baseline -0.005 -19"><span class='ocrx_word' id='word_1_59' title='bbox 486 1342 605 1405; x_wconf 83' lang='grc' dir='ltr'><strong><em>εἴκουσι</em></strong></span> <span class='ocrx_word' id='word_1_60' title='bbox 627 1345 681 1423; x_wconf 83' lang='grc' dir='ltr'><strong><em>τῆς</em></strong></span> <span class='ocrx_word' id='word_1_61' title='bbox 704 1340 792 1403; x_wconf 82' lang='grc' dir='ltr'><strong><em>ὁδοῦ.</em></strong></span> <span class='ocrx_word' id='word_1_62' title='bbox 826 1338 915 1403; x_wconf 78' lang='lat' dir='ltr'>Paul.</span> <span class='ocrx_word' id='word_1_63' title='bbox 939 1340 1037 1425; x_wconf 75' lang='lat' dir='ltr'>Epist.</span> <span class='ocrx_word' id='word_1_64' title='bbox 1060 1338 1150 1403; x_wconf 85' lang='lat' dir='ltr'><strong>Rom.</strong></span> <span class='ocrx_word' id='word_1_65' title='bbox 1177 1339 1227 1419; x_wconf 85' lang='lat'><strong><em>12,</em></strong></span> <span class='ocrx_word' id='word_1_66' title='bbox 1254 1338 1302 1400; x_wconf 89' lang='grc'><strong><em>19.</em></strong></span> <span class='ocrx_word' id='word_1_67' title='bbox 1336 1337 1406 1401; x_wconf 88' lang='grc' dir='ltr'><strong><em>δότε</em></strong></span> <span class='ocrx_word' id='word_1_68' title='bbox 1438 1336 1537 1401; x_wconf 90' lang='grc' dir='ltr'><strong><em>τόπον</em></strong></span> <span class='ocrx_word' id='word_1_69' title='bbox 1563 1343 1602 1419; x_wconf 77' lang='grc' dir='ltr'><strong><em>τῇ</em></strong></span> <span class='ocrx_word' id='word_1_70' title='bbox 1625 1336 1715 1419; x_wconf 78' lang='grc' dir='ltr'><strong><em>ὀργῇ.</em></strong></span> 
     </span>
     <span class='ocr_line' id='line_1_8' title="bbox 486 1425 1715 1514; baseline -0.005 -21"><span class='ocrx_word' id='word_1_71' title='bbox 486 1430 601 1497; x_wconf 77' lang='lat' dir='ltr'><strong>Aesch.</strong></span> <span class='ocrx_word' id='word_1_72' title='bbox 617 1430 709 1493; x_wconf 83' lang='lat' dir='ltr'>Eum.</span> <span class='ocrx_word' id='word_1_73' title='bbox 728 1429 800 1493; x_wconf 92' lang='grc'><strong>900.</strong></span> <span class='ocrx_word' id='word_1_74' title='bbox 823 1428 1015 1514; x_wconf 74' lang='grc' dir='ltr'><strong><em>μεθίσταμαι</em></strong></span> <span class='ocrx_word' id='word_1_75' title='bbox 1030 1429 1136 1493; x_wconf 88' lang='grc' dir='ltr'><strong><em>κότου.</em></strong></span> <span class='ocrx_word' id='word_1_76' title='bbox 1176 1427 1228 1491; x_wconf 84' lang='lat' dir='ltr'><strong><em>Sic</em></strong></span> <span class='ocrx_word' id='word_1_77' title='bbox 1247 1428 1346 1509; x_wconf 84' lang='grc' dir='ltr'><strong><em>ὀργῆς</em></strong></span> <span class='ocrx_word' id='word_1_78' title='bbox 1368 1426 1477 1510; x_wconf 84' lang='grc' dir='ltr'><strong><em>χαλᾶν,</em></strong></span> <span class='ocrx_word' id='word_1_79' title='bbox 1501 1425 1632 1499; x_wconf 82' lang='grc' dir='ltr'><strong><em>ἀνιέναι,</em></strong></span> <span class='ocrx_word' id='word_1_80' title='bbox 1656 1432 1715 1490; x_wconf 79' lang='lat' dir='ltr'>eie.</span> 
     </span>
    </p>

    <p class='ocr_par' dir='ltr' id='par_1_5' title="bbox 485 1515 1715 1692">
     <span class='ocr_line' id='line_1_9' title="bbox 577 1515 1715 1603; baseline -0.003 -22"><span class='ocrx_word' id='word_1_81' title='bbox 577 1519 649 1582; x_wconf 93' lang='grc'><strong>719.</strong></span> <span class='ocrx_word' id='word_1_82' title='bbox 673 1516 750 1582; x_wconf 84' lang='grc' dir='ltr'><strong><em>κάπ’</em></strong></span> <span class='ocrx_word' id='word_1_83' title='bbox 774 1517 872 1602; x_wconf 74' lang='grc' dir='ltr'><strong><em>ἐμοῦ]</em></strong></span> <span class='ocrx_word' id='word_1_84' title='bbox 906 1516 951 1582; x_wconf 94' lang='grc'><strong><em>01.</em></strong></span> <span class='ocrx_word' id='word_1_85' title='bbox 976 1522 1026 1603; x_wconf 85' lang='lat' dir='ltr'><strong><em>Aj.</em></strong></span> <span class='ocrx_word' id='word_1_86' title='bbox 1052 1516 1234 1602; x_wconf 68' lang='grc' dir='ltr'><strong>345.]κάπ’</strong></span> <span class='ocrx_word' id='word_1_87' title='bbox 1258 1517 1337 1599; x_wconf 78' lang='grc' dir='ltr'><strong><em>ἐμοί.</em></strong></span> <span class='ocrx_word' id='word_1_88' title='bbox 1367 1516 1402 1580; x_wconf 92' lang='lat' dir='ltr'><strong><em>O.</em></strong></span> <span class='ocrx_word' id='word_1_89' title='bbox 1418 1515 1454 1579; x_wconf 85' lang='lat' dir='ltr'><strong><em>R.</em></strong></span> <span class='ocrx_word' id='word_1_90' title='bbox 1481 1515 1576 1580; x_wconf 92' lang='grc'><strong>1110.</strong></span> <span class='ocrx_word' id='word_1_91' title='bbox 1604 1516 1633 1579; x_wconf 88' lang='grc' dir='ltr'><strong><em>εἰ</em></strong></span> <span class='ocrx_word' id='word_1_92' title='bbox 1652 1517 1715 1599; x_wconf 89' lang='grc' dir='ltr'><strong><em>χρή</em></strong></span> 
     </span>
     <span class='ocr_line' id='line_1_10' title="bbox 485 1607 1100 1692; baseline -0.008 -19"><span class='ocrx_word' id='word_1_93' title='bbox 485 1634 512 1673; x_wconf 92' lang='grc' dir='ltr'><strong><em>τι</em></strong></span> <span class='ocrx_word' id='word_1_94' title='bbox 534 1608 619 1692; x_wconf 78' lang='grc' dir='ltr'><strong><em>κάμέ</em></strong></span> <span class='ocrx_word' id='word_1_95' title='bbox 642 1644 684 1655; x_wconf 91' lang='grc'>-</span> <span class='ocrx_word' id='word_1_96' title='bbox 708 1607 922 1691; x_wconf 87' lang='grc' dir='ltr'><strong><em>σταθμᾶσθαι.</em></strong></span> <span class='ocrx_word' id='word_1_97' title='bbox 946 1607 1002 1672; x_wconf 90' lang='lat' dir='ltr'><strong><em>Ph.</em></strong></span> <span class='ocrx_word' id='word_1_98' title='bbox 1028 1609 1100 1671; x_wconf 87' lang='grc'><strong>192.</strong></span> 
     </span>
    </p>
   </div>
   <div class='ocr_carea' id='block_1_5' title="bbox 487 1713 1718 2426">
    <p class='ocr_par' dir='ltr' id='par_1_6' title="bbox 578 1713 1212 1798">
     <span class='ocr_line' id='line_1_11' title="bbox 578 1713 1212 1798; baseline -0.003 -21"><span class='ocrx_word' id='word_1_99' title='bbox 578 1716 650 1779; x_wconf 91' lang='grc'><strong>720.</strong></span> <span class='ocrx_word' id='word_1_100' title='bbox 673 1713 868 1798; x_wconf 79' lang='grc' dir='ltr'><strong><em>πρεσβεύειν]</em></strong></span> <span class='ocrx_word' id='word_1_101' title='bbox 894 1714 937 1779; x_wconf 87' lang='grc'><strong><em>01.</em></strong></span> <span class='ocrx_word' id='word_1_102' title='bbox 961 1714 1037 1779; x_wconf 82' lang='lat' dir='ltr'><strong>Eur.</strong></span> <span class='ocrx_word' id='word_1_103' title='bbox 1060 1714 1135 1779; x_wconf 83' lang='lat' dir='ltr'>Her.</span> <span class='ocrx_word' id='word_1_104' title='bbox 1160 1714 1212 1777; x_wconf 84' lang='lat'><strong><em>45.</em></strong></span> 
     </span>
    </p>

    <p class='ocr_par' dir='ltr' id='par_1_7' title="bbox 487 1802 1717 2157">
     <span class='ocr_line' id='line_1_12' title="bbox 578 1802 1717 1887; baseline -0.002 -20"><span class='ocrx_word' id='word_1_105' title='bbox 578 1805 650 1868; x_wconf 95' lang='grc'><strong>721.</strong></span> <span class='ocrx_word' id='word_1_106' title='bbox 675 1803 719 1868; x_wconf 87' lang='grc'><strong><em>01.</em></strong></span> <span class='ocrx_word' id='word_1_107' title='bbox 744 1804 880 1868; x_wconf 81' lang='lat' dir='ltr'><strong>similem</strong></span> <span class='ocrx_word' id='word_1_108' title='bbox 910 1806 1016 1871; x_wconf 86' lang='lat' dir='ltr'>locum</span> <span class='ocrx_word' id='word_1_109' title='bbox 1041 1809 1224 1887; x_wconf 82' lang='lat' dir='ltr'>corruptum</span> <span class='ocrx_word' id='word_1_110' title='bbox 1247 1803 1295 1866; x_wconf 82' lang='lat' dir='ltr'><strong><em>Tr.</em></strong></span> <span class='ocrx_word' id='word_1_111' title='bbox 1321 1803 1394 1865; x_wconf 88' lang='grc'><strong>338.</strong></span> <span class='ocrx_word' id='word_1_112' title='bbox 1421 1802 1542 1866; x_wconf 85' lang='grc' dir='ltr'><strong><em>τούτων</em></strong></span> <span class='ocrx_word' id='word_1_113' title='bbox 1565 1803 1630 1885; x_wconf 82' lang='grc' dir='ltr'><strong><em>ἔχω</em></strong></span> <span class='ocrx_word' id='word_1_114' title='bbox 1654 1802 1717 1884; x_wconf 86' lang='grc' dir='ltr'><strong><em>γὰρ</em></strong></span> 
     </span>
     <span class='ocr_line' id='line_1_13' title="bbox 487 1890 1716 1977; baseline -0.003 -19"><span class='ocrx_word' id='word_1_115' title='bbox 487 1895 577 1958; x_wconf 79' lang='grc' dir='ltr'><strong><em>πάντ’</em></strong></span> <span class='ocrx_word' id='word_1_116' title='bbox 600 1894 774 1977; x_wconf 74' lang='grc' dir='ltr'><strong><em>ἐπιστήμην</em></strong></span> <span class='ocrx_word' id='word_1_117' title='bbox 797 1893 869 1975; x_wconf 79' lang='grc' dir='ltr'><strong><em>ἐγώ.</em></strong></span> <span class='ocrx_word' id='word_1_118' title='bbox 898 1900 930 1958; x_wconf 88' lang='lat' dir='ltr'><strong><em>et</em></strong></span> <span class='ocrx_word' id='word_1_119' title='bbox 951 1894 1027 1958; x_wconf 82' lang='lat' dir='ltr'>Eur.</span> <span class='ocrx_word' id='word_1_120' title='bbox 1051 1894 1144 1957; x_wconf 84' lang='lat' dir='ltr'>Rhes.</span> <span class='ocrx_word' id='word_1_121' title='bbox 1171 1891 1241 1956; x_wconf 90' lang='grc'><strong>106.</strong></span> <span class='ocrx_word' id='word_1_122' title='bbox 1266 1891 1333 1955; x_wconf 82' lang='grc' dir='ltr'><strong><em>ἀλλ’</em></strong></span> <span class='ocrx_word' id='word_1_123' title='bbox 1357 1892 1396 1955; x_wconf 90' lang='grc' dir='ltr'><strong><em>οῦ</em></strong></span> <span class='ocrx_word' id='word_1_124' title='bbox 1425 1891 1485 1973; x_wconf 84' lang='grc' dir='ltr'><strong><em>γάρ</em></strong></span> <span class='ocrx_word' id='word_1_125' title='bbox 1508 1890 1604 1963; x_wconf 86' lang='grc' dir='ltr'><strong><em>αῦτδς</em></strong></span> <span class='ocrx_word' id='word_1_126' title='bbox 1626 1892 1716 1954; x_wconf 87' lang='grc' dir='ltr'><strong><em>πάντ’</em></strong></span> 
     </span>
     <span class='ocr_line' id='line_1_14' title="bbox 488 1980 1716 2065; baseline -0.004 -17"><span class='ocrx_word' id='word_1_127' title='bbox 488 1984 674 2049; x_wconf 78' lang='grc' dir='ltr'><strong><em>ἐπίστασθαι</em></strong></span> <span class='ocrx_word' id='word_1_128' title='bbox 696 1983 823 2065; x_wconf 78' lang='grc' dir='ltr'><strong><em>βροτῶν</em></strong></span> <span class='ocrx_word' id='word_1_129' title='bbox 843 1982 847 2065; x_wconf 88' lang='grc' dir='ltr'>Ι</span> <span class='ocrx_word' id='word_1_130' title='bbox 867 1984 1019 2065; x_wconf 85' lang='grc' dir='ltr'><strong><em>πέφυκεν.</em></strong></span> <span class='ocrx_word' id='word_1_131' title='bbox 1087 1982 1178 2046; x_wconf 83' lang='grc' dir='ltr'><strong><em>πάντ’</em></strong></span> <span class='ocrx_word' id='word_1_132' title='bbox 1204 1980 1260 2065; x_wconf 87' lang='grc'><strong><em>-]</em></strong></span> <span class='ocrx_word' id='word_1_133' title='bbox 1286 1980 1329 2044; x_wconf 87' lang='grc'><strong><em>01.</em></strong></span> <span class='ocrx_word' id='word_1_134' title='bbox 1353 1980 1389 2044; x_wconf 93' lang='grc'><strong><em>0.</em></strong></span> <span class='ocrx_word' id='word_1_135' title='bbox 1405 1980 1441 2044; x_wconf 87' lang='lat' dir='ltr'><strong><em>R.</em></strong></span> <span class='ocrx_word' id='word_1_136' title='bbox 1458 1982 1531 2044; x_wconf 88' lang='grc'><strong>823.</strong></span> <span class='ocrx_word' id='word_1_137' title='bbox 1555 1986 1618 2051; x_wconf 85' lang='grc' dir='ltr'><strong><em>πᾶς</em></strong></span> <span class='ocrx_word' id='word_1_138' title='bbox 1638 1980 1716 2044; x_wconf 86' lang='grc' dir='ltr'><strong><em>ἅνα-</em></strong></span> 
     </span>
     <span class='ocr_line' id='line_1_15' title="bbox 489 2070 1717 2157; baseline -0.004 -19"><span class='ocrx_word' id='word_1_139' title='bbox 489 2097 572 2157; x_wconf 87' lang='grc' dir='ltr'><strong><em>γνσς.</em></strong></span> <span class='ocrx_word' id='word_1_140' title='bbox 597 2071 645 2135; x_wconf 81' lang='grc' dir='ltr'><strong><em>ΕΙ.</em></strong></span> <span class='ocrx_word' id='word_1_141' title='bbox 670 2073 742 2135; x_wconf 91' lang='lat'>301.</span> <span class='ocrx_word' id='word_1_142' title='bbox 776 2073 795 2135; x_wconf 84' lang='grc' dir='ltr'>ὁ</span> <span class='ocrx_word' id='word_1_143' title='bbox 818 2072 908 2136; x_wconf 89' lang='grc' dir='ltr'><strong><em>πάντ’</em></strong></span> <span class='ocrx_word' id='word_1_144' title='bbox 932 2073 1068 2144; x_wconf 78' lang='grc' dir='ltr'><strong><em>ἄναλκις.</em></strong></span> <span class='ocrx_word' id='word_1_145' title='bbox 1093 2071 1129 2136; x_wconf 94' lang='grc' dir='ltr'><strong><em>Ο.</em></strong></span> <span class='ocrx_word' id='word_1_146' title='bbox 1145 2070 1181 2134; x_wconf 90' lang='lat' dir='ltr'><strong><em>R.</em></strong></span> <span class='ocrx_word' id='word_1_147' title='bbox 1206 2072 1301 2133; x_wconf 91' lang='grc'><strong>1197.</strong></span> <span class='ocrx_word' id='word_1_148' title='bbox 1324 2076 1381 2133; x_wconf 89' lang='grc' dir='ltr'><strong><em>τοῦ</em></strong></span> <span class='ocrx_word' id='word_1_149' title='bbox 1403 2070 1494 2133; x_wconf 90' lang='grc' dir='ltr'><strong><em>πάντ’</em></strong></span> <span class='ocrx_word' id='word_1_150' title='bbox 1517 2070 1717 2153; x_wconf 82' lang='grc' dir='ltr'><strong><em>εὐδαίμονος.</em></strong></span> 
     </span>
    </p>

    <p class='ocr_par' dir='ltr' id='par_1_8' title="bbox 488 2160 1718 2426">
     <span class='ocr_line' id='line_1_16' title="bbox 533 2160 1718 2247; baseline -0.005 -20"><span class='ocrx_word' id='word_1_151' title='bbox 533 2162 705 2245; x_wconf 73' lang='grc' dir='ltr'><strong><em>ἐπιστήμης</em></strong></span> <span class='ocrx_word' id='word_1_152' title='bbox 727 2160 845 2247; x_wconf 82' lang='grc' dir='ltr'><strong><em>πλέων]</em></strong></span> <span class='ocrx_word' id='word_1_153' title='bbox 875 2161 919 2227; x_wconf 85' lang='grc'><strong><em>01.</em></strong></span> <span class='ocrx_word' id='word_1_154' title='bbox 945 2164 993 2246; x_wconf 82' lang='lat' dir='ltr'><strong><em>Aj.</em></strong></span> <span class='ocrx_word' id='word_1_155' title='bbox 1020 2162 1113 2225; x_wconf 88' lang='grc'><strong>1150.</strong></span> <span class='ocrx_word' id='word_1_156' title='bbox 1138 2160 1239 2242; x_wconf 79' lang='grc' dir='ltr'><strong><em>ἄνδρα</em></strong></span> <span class='ocrx_word' id='word_1_157' title='bbox 1264 2196 1305 2205; x_wconf 85' lang='lat'><strong><em>——</em></strong></span> <span class='ocrx_word' id='word_1_158' title='bbox 1328 2161 1454 2242; x_wconf 87' lang='grc' dir='ltr'><strong><em>μωρίας</em></strong></span> <span class='ocrx_word' id='word_1_159' title='bbox 1476 2160 1592 2223; x_wconf 81' lang='grc' dir='ltr'><strong><em>πλέων.</em></strong></span> <span class='ocrx_word' id='word_1_160' title='bbox 1622 2161 1718 2223; x_wconf 91' lang='grc'><strong>1112.</strong></span> 
     </span>
     <span class='ocr_line' id='line_1_17' title="bbox 488 2249 1717 2335; baseline -0.004 -18"><span class='ocrx_word' id='word_1_161' title='bbox 488 2254 519 2317; x_wconf 81' lang='grc' dir='ltr'><strong><em>σῖ</em></strong></span> <span class='ocrx_word' id='word_1_162' title='bbox 549 2252 652 2316; x_wconf 87' lang='grc' dir='ltr'><strong><em>πόνου</em></strong></span> <span class='ocrx_word' id='word_1_163' title='bbox 684 2250 804 2315; x_wconf 87' lang='grc' dir='ltr'><strong><em>πολλοῦ</em></strong></span> <span class='ocrx_word' id='word_1_164' title='bbox 836 2251 932 2335; x_wconf 85' lang='grc' dir='ltr'><strong><em>πλέῳ.</em></strong></span> <span class='ocrx_word' id='word_1_165' title='bbox 965 2252 1022 2316; x_wconf 88' lang='lat' dir='ltr'><strong><em>Ph.</em></strong></span> <span class='ocrx_word' id='word_1_166' title='bbox 1048 2250 1142 2316; x_wconf 87' lang='grc'><strong>1074.</strong></span> <span class='ocrx_word' id='word_1_167' title='bbox 1175 2252 1282 2313; x_wconf 87' lang='grc' dir='ltr'><strong><em>οἴκτου</em></strong></span> <span class='ocrx_word' id='word_1_168' title='bbox 1306 2249 1419 2320; x_wconf 81' lang='grc' dir='ltr'><strong><em>πλέως.</em></strong></span> <span class='ocrx_word' id='word_1_169' title='bbox 1451 2249 1498 2314; x_wconf 80' lang='grc' dir='ltr'><strong><em>ΕΙ.</em></strong></span> <span class='ocrx_word' id='word_1_170' title='bbox 1523 2250 1596 2313; x_wconf 84' lang='grc'><strong>607.</strong></span> <span class='ocrx_word' id='word_1_171' title='bbox 1623 2249 1717 2313; x_wconf 88' lang='grc'><strong>1405.</strong></span> 
     </span>
     <span class='ocr_line' id='line_1_18' title="bbox 489 2339 1022 2426; baseline -0.008 -19"><span class='ocrx_word' id='word_1_172' title='bbox 489 2344 538 2426; x_wconf 88' lang='lat' dir='ltr'><strong><em>Aj.</em></strong></span> <span class='ocrx_word' id='word_1_173' title='bbox 564 2343 636 2404; x_wconf 88' lang='grc'><strong>745.</strong></span> <span class='ocrx_word' id='word_1_174' title='bbox 659 2340 716 2404; x_wconf 84' lang='grc' dir='ltr'><strong>Ρ11.</strong></span> <span class='ocrx_word' id='word_1_175' title='bbox 741 2342 791 2404; x_wconf 90' lang='grc'><strong>39.</strong></span> <span class='ocrx_word' id='word_1_176' title='bbox 816 2339 852 2404; x_wconf 95' lang='grc' dir='ltr'><strong><em>Ο.</em></strong></span> <span class='ocrx_word' id='word_1_177' title='bbox 868 2340 901 2405; x_wconf 92' lang='grc'><strong><em>0.</em></strong></span> <span class='ocrx_word' id='word_1_178' title='bbox 928 2342 1022 2405; x_wconf 89' lang='grc'><strong>1162.</strong></span> 
     </span>
    </p>
   </div>
   <div class='ocr_carea' id='block_1_6' title="bbox 489 2444 1720 3158">
    <p class='ocr_par' dir='ltr' id='par_1_9' title="bbox 489 2444 1720 3158">
     <span class='ocr_line' id='line_1_19' title="bbox 580 2444 1718 2533; baseline -0.002 -22"><span class='ocrx_word' id='word_1_179' title='bbox 580 2449 652 2511; x_wconf 89' lang='grc'><strong>722.</strong></span> <span class='ocrx_word' id='word_1_180' title='bbox 676 2448 705 2512; x_wconf 89' lang='grc' dir='ltr'><strong><em>εἰ</em></strong></span> <span class='ocrx_word' id='word_1_181' title='bbox 726 2447 755 2511; x_wconf 88' lang='grc' dir='ltr'><strong><em>δ’</em></strong></span> <span class='ocrx_word' id='word_1_182' title='bbox 780 2446 849 2533; x_wconf 83' lang='grc' dir='ltr'><strong><em>σῦν]</em></strong></span> <span class='ocrx_word' id='word_1_183' title='bbox 883 2447 927 2512; x_wconf 88' lang='grc'><strong><em>01.</em></strong></span> <span class='ocrx_word' id='word_1_184' title='bbox 953 2448 1040 2513; x_wconf 80' lang='lat' dir='ltr'><strong>0.R.</strong></span> <span class='ocrx_word' id='word_1_185' title='bbox 1066 2450 1139 2512; x_wconf 84' lang='lat'>851.</span> <span class='ocrx_word' id='word_1_186' title='bbox 1172 2448 1201 2511; x_wconf 80' lang='grc' dir='ltr'><strong><em>εἰ</em></strong></span> <span class='ocrx_word' id='word_1_187' title='bbox 1231 2446 1260 2510; x_wconf 89' lang='grc' dir='ltr'><strong><em>δ’</em></strong></span> <span class='ocrx_word' id='word_1_188' title='bbox 1284 2444 1342 2510; x_wconf 85' lang='grc' dir='ltr'><strong><em>οὗν</em></strong></span> <span class='ocrx_word' id='word_1_189' title='bbox 1373 2471 1400 2509; x_wconf 87' lang='grc' dir='ltr'><strong><em>τι</em></strong></span> <span class='ocrx_word' id='word_1_190' title='bbox 1426 2446 1637 2529; x_wconf 85' lang='grc' dir='ltr'><strong><em>κάκτρέποιτσ</em></strong></span> <span class='ocrx_word' id='word_1_191' title='bbox 1660 2453 1718 2512; x_wconf 81' lang='lat' dir='ltr'>etc.</span> 
     </span>
     <span class='ocr_line' id='line_1_20' title="bbox 489 2536 1718 2621; baseline -0.002 -19"><span class='ocrx_word' id='word_1_192' title='bbox 489 2538 603 2603; x_wconf 77' lang='lat' dir='ltr'>Aesoh.</span> <span class='ocrx_word' id='word_1_193' title='bbox 627 2538 687 2621; x_wconf 82' lang='lat' dir='ltr'><strong><em>Ag.</em></strong></span> <span class='ocrx_word' id='word_1_194' title='bbox 713 2538 808 2600; x_wconf 90' lang='grc'><strong>1042.</strong></span> <span class='ocrx_word' id='word_1_195' title='bbox 845 2538 874 2601; x_wconf 92' lang='grc' dir='ltr'><strong><em>εἰ</em></strong></span> <span class='ocrx_word' id='word_1_196' title='bbox 899 2536 928 2601; x_wconf 86' lang='grc' dir='ltr'><strong><em>δ’</em></strong></span> <span class='ocrx_word' id='word_1_197' title='bbox 957 2536 1016 2601; x_wconf 85' lang='grc' dir='ltr'><strong><em>οῦν</em></strong></span> <span class='ocrx_word' id='word_1_198' title='bbox 1048 2537 1170 2619; x_wconf 83' lang='grc' dir='ltr'><strong><em>ἀνάγκη</em></strong></span> <span class='ocrx_word' id='word_1_199' title='bbox 1203 2536 1270 2619; x_wconf 80' lang='grc' dir='ltr'><strong><em>τῇδ’</em></strong></span> <span class='ocrx_word' id='word_1_200' title='bbox 1307 2537 1470 2619; x_wconf 78' lang='grc' dir='ltr'><strong><em>ἐπιρρέποι</em></strong></span> <span class='ocrx_word' id='word_1_201' title='bbox 1506 2536 1610 2619; x_wconf 86' lang='grc' dir='ltr'><strong><em>τύχης.</em></strong></span> <span class='ocrx_word' id='word_1_202' title='bbox 1644 2537 1718 2600; x_wconf 91' lang='grc'><strong>662.</strong></span> 
     </span>
     <span class='ocr_line' id='line_1_21' title="bbox 491 2624 1718 2709; baseline -0.002 -18"><span class='ocrx_word' id='word_1_203' title='bbox 491 2626 544 2691; x_wconf 84' lang='lat' dir='ltr'><strong><em>Oh.</em></strong></span> <span class='ocrx_word' id='word_1_204' title='bbox 570 2627 642 2689; x_wconf 89' lang='grc'><strong>564.</strong></span> <span class='ocrx_word' id='word_1_205' title='bbox 666 2627 741 2691; x_wconf 82' lang='lat' dir='ltr'>Eur.</span> <span class='ocrx_word' id='word_1_206' title='bbox 757 2625 852 2691; x_wconf 85' lang='lat' dir='ltr'>Herc.</span> <span class='ocrx_word' id='word_1_207' title='bbox 869 2627 942 2690; x_wconf 92' lang='grc'><strong>211.</strong></span> <span class='ocrx_word' id='word_1_208' title='bbox 967 2629 995 2691; x_wconf 84' lang='grc' dir='ltr'><strong><em>εἰ</em></strong></span> <span class='ocrx_word' id='word_1_209' title='bbox 1017 2626 1046 2690; x_wconf 87' lang='grc' dir='ltr'><strong><em>δ’</em></strong></span> <span class='ocrx_word' id='word_1_210' title='bbox 1070 2624 1128 2691; x_wconf 85' lang='grc' dir='ltr'><strong><em>οῦν</em></strong></span> <span class='ocrx_word' id='word_1_211' title='bbox 1145 2664 1185 2672; x_wconf 89' lang='grc'><strong>-</strong></span> <span class='ocrx_word' id='word_1_212' title='bbox 1202 2626 1312 2697; x_wconf 89' lang='grc' dir='ltr'><strong><em>θέλεις.</em></strong></span> <span class='ocrx_word' id='word_1_213' title='bbox 1337 2624 1524 2709; x_wconf 77' lang='grc' dir='ltr'><strong>ΡΙα1Βθερ.</strong></span> <span class='ocrx_word' id='word_1_214' title='bbox 1540 2625 1718 2690; x_wconf 79' lang='grc'><strong>1113880.</strong></span> 
     </span>
     <span class='ocr_line' id='line_1_22' title="bbox 492 2714 1720 2799; baseline -0.002 -17"><span class='ocrx_word' id='word_1_215' title='bbox 492 2719 520 2782; x_wconf 91' lang='grc' dir='ltr'><strong><em>εἰ</em></strong></span> <span class='ocrx_word' id='word_1_216' title='bbox 542 2715 570 2780; x_wconf 86' lang='grc' dir='ltr'><strong><em>δ’</em></strong></span> <span class='ocrx_word' id='word_1_217' title='bbox 595 2714 653 2780; x_wconf 86' lang='grc' dir='ltr'><strong><em>σῦν</em></strong></span> <span class='ocrx_word' id='word_1_218' title='bbox 680 2714 791 2789; x_wconf 84' lang='grc' dir='ltr'><strong><em>θεοὺς,</em></strong></span> <span class='ocrx_word' id='word_1_219' title='bbox 824 2717 918 2799; x_wconf 87' lang='grc' dir='ltr'><strong><em>μήτοι</em></strong></span> <span class='ocrx_word' id='word_1_220' title='bbox 949 2716 1004 2781; x_wconf 89' lang='grc' dir='ltr'><strong><em>τόν</em></strong></span> <span class='ocrx_word' id='word_1_221' title='bbox 1037 2741 1071 2798; x_wconf 90' lang='grc' dir='ltr'><strong><em>γε</em></strong></span> <span class='ocrx_word' id='word_1_222' title='bbox 1101 2717 1247 2798; x_wconf 87' lang='grc' dir='ltr'><strong><em>μέγιστον</em></strong></span> <span class='ocrx_word' id='word_1_223' title='bbox 1270 2721 1326 2779; x_wconf 76' lang='lat' dir='ltr'>etc.</span> <span class='ocrx_word' id='word_1_224' title='bbox 1360 2714 1384 2778; x_wconf 95' lang='grc' dir='ltr'><strong><em>Ι.</em></strong></span> <span class='ocrx_word' id='word_1_225' title='bbox 1409 2716 1471 2779; x_wconf 92' lang='grc'><strong><em>337</em></strong></span> <span class='ocrx_word' id='word_1_226' title='bbox 1490 2714 1524 2779; x_wconf 93' lang='grc'><strong><em>0.</em></strong></span> <span class='ocrx_word' id='word_1_227' title='bbox 1556 2716 1585 2778; x_wconf 90' lang='grc' dir='ltr'><strong><em>εἰ</em></strong></span> <span class='ocrx_word' id='word_1_228' title='bbox 1606 2715 1635 2778; x_wconf 81' lang='grc' dir='ltr'><strong><em>δ’</em></strong></span> <span class='ocrx_word' id='word_1_229' title='bbox 1660 2714 1720 2779; x_wconf 84' lang='grc' dir='ltr'><strong><em>σῦν</em></strong></span> 
     </span>
     <span class='ocr_line' id='line_1_23' title="bbox 490 2803 1719 2889; baseline -0.002 -20"><span class='ocrx_word' id='word_1_230' title='bbox 490 2806 545 2870; x_wconf 86' lang='grc' dir='ltr'><strong><em>καί</em></strong></span> <span class='ocrx_word' id='word_1_231' title='bbox 575 2807 620 2889; x_wconf 90' lang='grc' dir='ltr'><strong><em>μή</em></strong></span> <span class='ocrx_word' id='word_1_232' title='bbox 654 2808 735 2871; x_wconf 80' lang='grc' dir='ltr'><strong><em>ἐστιν</em></strong></span> <span class='ocrx_word' id='word_1_233' title='bbox 763 2805 876 2888; x_wconf 83' lang='grc' dir='ltr'><strong><em>ὅμοιον</em></strong></span> <span class='ocrx_word' id='word_1_234' title='bbox 900 2812 958 2871; x_wconf 79' lang='lat' dir='ltr'><strong>eto.</strong></span> <span class='ocrx_word' id='word_1_235' title='bbox 997 2805 1149 2870; x_wconf 84' lang='lat' dir='ltr'>Similiter</span> <span class='ocrx_word' id='word_1_236' title='bbox 1177 2804 1251 2868; x_wconf 82' lang='lat' dir='ltr'>Eur.</span> <span class='ocrx_word' id='word_1_237' title='bbox 1275 2804 1370 2887; x_wconf 88' lang='lat' dir='ltr'>Hipp.</span> <span class='ocrx_word' id='word_1_238' title='bbox 1395 2806 1467 2868; x_wconf 89' lang='grc'><strong>508.</strong></span> <span class='ocrx_word' id='word_1_239' title='bbox 1535 2803 1648 2887; x_wconf 86' lang='grc' dir='ltr'><strong><em>ταύτῃ]</em></strong></span> <span class='ocrx_word' id='word_1_240' title='bbox 1675 2803 1719 2868; x_wconf 88' lang='grc'><strong><em>01.</em></strong></span> 
     </span>
     <span class='ocr_line' id='line_1_24' title="bbox 491 2893 1719 2978; baseline -0.002 -18"><span class='ocrx_word' id='word_1_241' title='bbox 491 2894 576 2960; x_wconf 90' lang='grc' dir='ltr'><strong>Ο.0.</strong></span> <span class='ocrx_word' id='word_1_242' title='bbox 602 2896 696 2960; x_wconf 92' lang='grc'><strong>1300.</strong></span> <span class='ocrx_word' id='word_1_243' title='bbox 729 2894 784 2960; x_wconf 83' lang='lat' dir='ltr'><strong><em>Ph.</em></strong></span> <span class='ocrx_word' id='word_1_244' title='bbox 811 2896 905 2959; x_wconf 90' lang='grc'><strong>1331.</strong></span> <span class='ocrx_word' id='word_1_245' title='bbox 938 2895 1017 2960; x_wconf 81' lang='lat' dir='ltr'><strong>Plat.</strong></span> <span class='ocrx_word' id='word_1_246' title='bbox 1043 2894 1123 2961; x_wconf 81' lang='lat' dir='ltr'>Crat.</span> <span class='ocrx_word' id='word_1_247' title='bbox 1150 2896 1198 2959; x_wconf 90' lang='grc'><strong><em>18.</em></strong></span> <span class='ocrx_word' id='word_1_248' title='bbox 1235 2894 1290 2959; x_wconf 83' lang='grc' dir='ltr'><strong><em>καὶ</em></strong></span> <span class='ocrx_word' id='word_1_249' title='bbox 1320 2900 1415 2958; x_wconf 89' lang='grc' dir='ltr'><strong><em>ταῦτα</em></strong></span> <span class='ocrx_word' id='word_1_250' title='bbox 1446 2893 1507 2976; x_wconf 77' lang='grc' dir='ltr'><strong><em>μέν</em></strong></span> <span class='ocrx_word' id='word_1_251' title='bbox 1541 2894 1579 2978; x_wconf 85' lang='grc' dir='ltr'><strong><em>δή</em></strong></span> <span class='ocrx_word' id='word_1_252' title='bbox 1612 2895 1719 2978; x_wconf 79' lang='grc' dir='ltr'><strong><em>ταύτῃ.</em></strong></span> 
     </span>
     <span class='ocr_line' id='line_1_25' title="bbox 490 2983 1720 3070; baseline -0.002 -20"><span class='ocrx_word' id='word_1_253' title='bbox 490 2986 607 3051; x_wconf 84' lang='lat' dir='ltr'>Herod.</span> <span class='ocrx_word' id='word_1_254' title='bbox 632 2985 672 3048; x_wconf 91' lang='grc' dir='ltr'><strong><em>Π.</em></strong></span> <span class='ocrx_word' id='word_1_255' title='bbox 697 2984 748 3048; x_wconf 90' lang='grc'><strong><em>60.</em></strong></span> <span class='ocrx_word' id='word_1_256' title='bbox 781 2989 875 3049; x_wconf 89' lang='grc' dir='ltr'><strong><em>ταῦτα</em></strong></span> <span class='ocrx_word' id='word_1_257' title='bbox 908 2986 967 3068; x_wconf 83' lang='grc' dir='ltr'><strong><em>μέν</em></strong></span> <span class='ocrx_word' id='word_1_258' title='bbox 996 2987 1035 3070; x_wconf 82' lang='grc' dir='ltr'><strong><em>δή</em></strong></span> <span class='ocrx_word' id='word_1_259' title='bbox 1059 2986 1154 3068; x_wconf 82' lang='grc' dir='ltr'><strong><em>ταύτῃ</em></strong></span> <span class='ocrx_word' id='word_1_260' title='bbox 1180 2985 1323 3048; x_wconf 90' lang='grc' dir='ltr'><strong><em>ποιέεται.</em></strong></span> <span class='ocrx_word' id='word_1_261' title='bbox 1414 2983 1531 3067; x_wconf 85' lang='grc' dir='ltr'><strong><em>ῥέπειν]</em></strong></span> <span class='ocrx_word' id='word_1_262' title='bbox 1556 2984 1601 3049; x_wconf 91' lang='grc'><strong><em>01.</em></strong></span> <span class='ocrx_word' id='word_1_263' title='bbox 1625 2983 1720 3068; x_wconf 83' lang='lat' dir='ltr'>Soph.</span> 
     </span>
     <span class='ocr_line' id='line_1_26' title="bbox 494 3073 1567 3158; baseline 0 -20"><span class='ocrx_word' id='word_1_264' title='bbox 494 3073 528 3138; x_wconf 92' lang='grc' dir='ltr'><strong><em>Ο.</em></strong></span> <span class='ocrx_word' id='word_1_265' title='bbox 545 3074 582 3137; x_wconf 88' lang='lat' dir='ltr'><strong><em>R.</em></strong></span> <span class='ocrx_word' id='word_1_266' title='bbox 607 3075 680 3138; x_wconf 90' lang='grc'><strong>847.</strong></span> <span class='ocrx_word' id='word_1_267' title='bbox 705 3079 819 3158; x_wconf 84' lang='grc' dir='ltr'><strong><em>σαφῶς</em></strong></span> <span class='ocrx_word' id='word_1_268' title='bbox 840 3075 843 3157; x_wconf 88' lang='grc'><strong><em>]</em></strong></span> <span class='ocrx_word' id='word_1_269' title='bbox 864 3075 946 3138; x_wconf 90' lang='grc' dir='ltr'><strong><em>τοῦτ’</em></strong></span> <span class='ocrx_word' id='word_1_270' title='bbox 970 3075 1049 3140; x_wconf 77' lang='grc' dir='ltr'><strong><em>ἐστὶν</em></strong></span> <span class='ocrx_word' id='word_1_271' title='bbox 1073 3075 1134 3158; x_wconf 89' lang='grc' dir='ltr'><strong><em>ήδη</em></strong></span> <span class='ocrx_word' id='word_1_272' title='bbox 1158 3076 1294 3156; x_wconf 83' lang='grc' dir='ltr'><strong><em>τοῦργον</em></strong></span> <span class='ocrx_word' id='word_1_273' title='bbox 1317 3075 1360 3144; x_wconf 80' lang='grc' dir='ltr'><strong><em>εἰς</em></strong></span> <span class='ocrx_word' id='word_1_274' title='bbox 1382 3074 1438 3156; x_wconf 75' lang='grc' dir='ltr'><strong><em>ἐμὲ</em></strong></span> <span class='ocrx_word' id='word_1_275' title='bbox 1461 3075 1567 3156; x_wconf 84' lang='grc' dir='ltr'><strong><em>ῥέπον.</em></strong></span> 
     </span>
    </p>
   </div>
   <div class='ocr_carea' id='block_1_7' title="bbox 586 3180 1720 3266">
    <p class='ocr_par' dir='ltr' id='par_1_10' title="bbox 586 3180 1720 3266">
     <span class='ocr_line' id='line_1_27' title="bbox 586 3180 1720 3266; baseline 0.001 -22"><span class='ocrx_word' id='word_1_276' title='bbox 586 3183 657 3244; x_wconf 93' lang='grc'><strong>723.</strong></span> <span class='ocrx_word' id='word_1_277' title='bbox 681 3187 745 3246; x_wconf 85' lang='grc' dir='ltr'><strong><em>τῶν</em></strong></span> <span class='ocrx_word' id='word_1_278' title='bbox 768 3181 924 3263; x_wconf 91' lang='grc' dir='ltr'><strong><em>λεγόντων</em></strong></span> <span class='ocrx_word' id='word_1_279' title='bbox 947 3180 999 3266; x_wconf 82' lang='grc' dir='ltr'><strong><em>εὖ]</em></strong></span> <span class='ocrx_word' id='word_1_280' title='bbox 1031 3183 1055 3246; x_wconf 96' lang='grc' dir='ltr'><strong><em>Ι.</em></strong></span> <span class='ocrx_word' id='word_1_281' title='bbox 1079 3203 1105 3246; x_wconf 83' lang='lat' dir='ltr'><strong><em>e.</em></strong></span> <span class='ocrx_word' id='word_1_282' title='bbox 1137 3187 1201 3246; x_wconf 84' lang='grc' dir='ltr'><strong><em>τῶν</em></strong></span> <span class='ocrx_word' id='word_1_283' title='bbox 1229 3180 1264 3245; x_wconf 85' lang='grc' dir='ltr'><strong><em>εὖ</em></strong></span> <span class='ocrx_word' id='word_1_284' title='bbox 1292 3182 1455 3263; x_wconf 88' lang='grc' dir='ltr'><strong><em>λεγόντων.</em></strong></span> <span class='ocrx_word' id='word_1_285' title='bbox 1495 3180 1540 3245; x_wconf 90' lang='grc'><strong><em>01.</em></strong></span> <span class='ocrx_word' id='word_1_286' title='bbox 1567 3182 1659 3246; x_wconf 93' lang='grc'><strong>1031.</strong></span> <span class='ocrx_word' id='word_1_287' title='bbox 1684 3181 1720 3245; x_wconf 86' lang='grc' dir='ltr'><strong><em>τὸ</em></strong></span> 
     </span>
    </p>
   </div>
   <div class='ocr_carea' id='block_1_8' title="bbox 492 3269 1719 3444">
    <p class='ocr_par' dir='ltr' id='par_1_11' title="bbox 492 3269 1719 3444">
     <span class='ocr_line' id='line_1_28' title="bbox 492 3269 1719 3355; baseline 0.001 -21"><span class='ocrx_word' id='word_1_288' title='bbox 492 3270 668 3354; x_wconf 89' lang='grc' dir='ltr'><strong><em>μανθάνειν</em></strong></span> <span class='ocrx_word' id='word_1_289' title='bbox 692 3270 721 3335; x_wconf 87' lang='grc' dir='ltr'><strong><em>δ’</em></strong></span> <span class='ocrx_word' id='word_1_290' title='bbox 745 3271 872 3354; x_wconf 82' lang='grc' dir='ltr'><strong><em>ἥδιστον</em></strong></span> <span class='ocrx_word' id='word_1_291' title='bbox 895 3269 929 3336; x_wconf 87' lang='grc' dir='ltr'><strong><em>εὖ</em></strong></span> <span class='ocrx_word' id='word_1_292' title='bbox 953 3271 1105 3354; x_wconf 87' lang='grc' dir='ltr'><strong><em>λέγοντος.</em></strong></span> <span class='ocrx_word' id='word_1_293' title='bbox 1144 3271 1197 3336; x_wconf 85' lang='lat' dir='ltr'><strong><em>Sic</em></strong></span> <span class='ocrx_word' id='word_1_294' title='bbox 1221 3273 1270 3354; x_wconf 79' lang='lat' dir='ltr'><strong><em>Aj.</em></strong></span> <span class='ocrx_word' id='word_1_295' title='bbox 1289 3273 1383 3334; x_wconf 84' lang='lat'><strong><em>1252.</em></strong></span> <span class='ocrx_word' id='word_1_296' title='bbox 1407 3273 1438 3335; x_wconf 85' lang='grc' dir='ltr'><strong><em>οῖ</em></strong></span> <span class='ocrx_word' id='word_1_297' title='bbox 1459 3277 1652 3355; x_wconf 82' lang='grc' dir='ltr'><strong><em>φρονοῦντες</em></strong></span> <span class='ocrx_word' id='word_1_298' title='bbox 1675 3270 1719 3335; x_wconf 85' lang='grc' dir='ltr'><strong><em>εὖ.</em></strong></span> 
     </span>
     <span class='ocr_line' id='line_1_29' title="bbox 582 3359 999 3444; baseline 0.002 -20"><span class='ocrx_word' id='word_1_299' title='bbox 582 3361 646 3424; x_wconf 91' lang='grc'><strong><em>724</em></strong></span> <span class='ocrx_word' id='word_1_300' title='bbox 662 3381 707 3444; x_wconf 90' lang='lat' dir='ltr'><strong><em>sq.</em></strong></span> <span class='ocrx_word' id='word_1_301' title='bbox 731 3360 776 3425; x_wconf 84' lang='lat' dir='ltr'><strong><em>cf.</em></strong></span> <span class='ocrx_word' id='word_1_302' title='bbox 800 3359 847 3424; x_wconf 80' lang='lat' dir='ltr'><strong><em>El.</em></strong></span> <span class='ocrx_word' id='word_1_303' title='bbox 873 3362 935 3424; x_wconf 89' lang='grc'><strong><em>369</em></strong></span> <span class='ocrx_word' id='word_1_304' title='bbox 953 3381 999 3444; x_wconf 89' lang='lat' dir='ltr'><strong><em>sq.</em></strong></span> 
     </span>
    </p>
   </div>
   <div class='ocr_carea' id='block_1_9' title="bbox 491 3447 1722 4268">
    <p class='ocr_par' dir='ltr' id='par_1_12' title="bbox 491 3447 1720 3624">
     <span class='ocr_line' id='line_1_30' title="bbox 583 3447 1720 3535; baseline 0.002 -24"><span class='ocrx_word' id='word_1_305' title='bbox 583 3450 654 3512; x_wconf 89' lang='grc'><strong>725.</strong></span> <span class='ocrx_word' id='word_1_306' title='bbox 679 3452 714 3514; x_wconf 82' lang='grc' dir='ltr'><strong><em>σέ</em></strong></span> <span class='ocrx_word' id='word_1_307' title='bbox 735 3449 761 3512; x_wconf 84' lang='grc' dir='ltr'><strong><em>τ’</em></strong></span> <span class='ocrx_word' id='word_1_308' title='bbox 784 3447 825 3514; x_wconf 85' lang='grc' dir='ltr'><strong><em>αῦ</em></strong></span> <span class='ocrx_word' id='word_1_309' title='bbox 849 3450 953 3535; x_wconf 88' lang='grc' dir='ltr'><strong><em>τοῦδ’]</em></strong></span> <span class='ocrx_word' id='word_1_310' title='bbox 983 3449 1028 3516; x_wconf 87' lang='grc'><strong><em>01.</em></strong></span> <span class='ocrx_word' id='word_1_311' title='bbox 1055 3452 1137 3515; x_wconf 88' lang='grc'><strong>1341</strong></span> <span class='ocrx_word' id='word_1_312' title='bbox 1156 3471 1202 3533; x_wconf 89' lang='lat' dir='ltr'><strong><em>sq.</em></strong></span> <span class='ocrx_word' id='word_1_313' title='bbox 1227 3449 1281 3513; x_wconf 91' lang='lat' dir='ltr'><strong><em>Ph</em></strong></span> <span class='ocrx_word' id='word_1_314' title='bbox 1306 3451 1379 3514; x_wconf 84' lang='lat'><strong><em>426.</em></strong></span> <span class='ocrx_word' id='word_1_315' title='bbox 1403 3450 1501 3514; x_wconf 84' lang='lat' dir='ltr'>Arist.</span> <span class='ocrx_word' id='word_1_316' title='bbox 1481 3449 1598 3533; x_wconf 84' lang='lat' dir='ltr'><strong>t.Lys</strong></span> <span class='ocrx_word' id='word_1_317' title='bbox 1625 3451 1720 3514; x_wconf 90' lang='grc'><strong>1320.</strong></span> 
     </span>
     <span class='ocr_line' id='line_1_31' title="bbox 491 3537 1110 3624; baseline 0 -20"><span class='ocrx_word' id='word_1_318' title='bbox 491 3538 600 3604; x_wconf 84' lang='grc' dir='ltr'><strong><em>καλ</em></strong></span> <span class='ocrx_word' id='word_1_319' title='bbox 567 3563 623 3603; x_wconf 91' lang='grc' dir='ltr'><strong><em>ταν</em></strong></span> <span class='ocrx_word' id='word_1_320' title='bbox 646 3538 716 3603; x_wconf 90' lang='grc' dir='ltr'><strong><em>σιάν</em></strong></span> <span class='ocrx_word' id='word_1_321' title='bbox 740 3539 769 3602; x_wconf 91' lang='grc' dir='ltr'><strong><em>δ’</em></strong></span> <span class='ocrx_word' id='word_1_322' title='bbox 792 3563 834 3604; x_wconf 93' lang='grc' dir='ltr'><strong><em>αυ</em></strong></span> <span class='ocrx_word' id='word_1_323' title='bbox 819 3537 913 3604; x_wconf 80' lang='grc' dir='ltr'><strong><em>τάν</em></strong></span> <span class='ocrx_word' id='word_1_324' title='bbox 936 3541 1110 3624; x_wconf 85' lang='grc' dir='ltr'><strong><em>κρατίσταν.</em></strong></span> 
     </span>
    </p>

    <p class='ocr_par' dir='ltr' id='par_1_13' title="bbox 493 3646 1722 4177">
     <span class='ocr_line' id='line_1_32' title="bbox 583 3646 1722 3731; baseline 0.004 -23"><span class='ocrx_word' id='word_1_325' title='bbox 583 3646 656 3709; x_wconf 89' lang='grc'><strong>726.</strong></span> <span class='ocrx_word' id='word_1_326' title='bbox 680 3647 711 3710; x_wconf 82' lang='lat' dir='ltr'><strong><em>oi</em></strong></span> <span class='ocrx_word' id='word_1_327' title='bbox 731 3647 952 3728; x_wconf 89' lang='grc' dir='ltr'><strong><em>τηλικοίδε-</em></strong></span> <span class='ocrx_word' id='word_1_328' title='bbox 959 3647 985 3731; x_wconf 91' lang='lat'><strong><em>,·]</em></strong></span> <span class='ocrx_word' id='word_1_329' title='bbox 1012 3647 1271 3745; x_wconf 64' lang='grc'><strong>0145551163</strong></span> <span class='ocrx_word' id='word_1_330' title='bbox 1290 3648 1383 3710; x_wconf 90' lang='grc'><strong>1628.</strong></span> <span class='ocrx_word' id='word_1_331' title='bbox 1408 3647 1521 3729; x_wconf 78' lang='grc' dir='ltr'><strong><em>γνώσει</em></strong></span> <span class='ocrx_word' id='word_1_332' title='bbox 1545 3649 1649 3730; x_wconf 89' lang='grc' dir='ltr'><strong><em>γέρων</em></strong></span> <span class='ocrx_word' id='word_1_333' title='bbox 1672 3650 1722 3712; x_wconf 80' lang='grc' dir='ltr'><strong><em>ὢν</em></strong></span> 
     </span>
     <span class='ocr_line' id='line_1_33' title="bbox 493 3718 1721 3820; baseline 0.001 -21"><span class='ocrx_word' id='word_1_334' title='bbox 493 3736 539 3808; x_wconf 86' lang='grc' dir='ltr'><strong><em>ὡς</em></strong></span> <span class='ocrx_word' id='word_1_335' title='bbox 563 3736 768 3801; x_wconf 76' lang='grc' dir='ltr'><strong><em>διδάσκεσθαι</em></strong></span> <span class='ocrx_word' id='word_1_336' title='bbox 783 3735 867 3820; x_wconf 87' lang='grc' dir='ltr'><strong><em>βαρὺ</em></strong></span> <span class='ocrx_word' id='word_1_337' title='bbox 889 3737 893 3820; x_wconf 88' lang='grc'><strong><em>]</em></strong></span> <span class='ocrx_word' id='word_1_338' title='bbox 914 3761 959 3819; x_wconf 85' lang='grc' dir='ltr'><strong><em>τῳ</em></strong></span> <span class='ocrx_word' id='word_1_339' title='bbox 945 3718 1162 3819; x_wconf 79' lang='grc' dir='ltr'><strong><em>τηλικούτῳ,</em></strong></span> <span class='ocrx_word' id='word_1_340' title='bbox 1187 3742 1365 3819; x_wconf 78' lang='grc' dir='ltr'><strong><em>σωφρονεῖν</em></strong></span> <span class='ocrx_word' id='word_1_341' title='bbox 1384 3738 1557 3820; x_wconf 78' lang='grc' dir='ltr'><strong><em>εἰρημένον.</em></strong></span> <span class='ocrx_word' id='word_1_342' title='bbox 1581 3737 1721 3820; x_wconf 81' lang='lat' dir='ltr'>Theogn.</span> 
     </span>
     <span class='ocr_line' id='line_1_34' title="bbox 494 3825 1721 3911; baseline 0.002 -23"><span class='ocrx_word' id='word_1_343' title='bbox 494 3827 567 3889; x_wconf 92' lang='grc'><strong>578.</strong></span> <span class='ocrx_word' id='word_1_344' title='bbox 589 3826 635 3908; x_wconf 94' lang='grc' dir='ltr'><strong><em>μή</em></strong></span> <span class='ocrx_word' id='word_1_345' title='bbox 659 3849 700 3908; x_wconf 86' lang='grc' dir='ltr'><strong><em>με</em></strong></span> <span class='ocrx_word' id='word_1_346' title='bbox 724 3825 861 3889; x_wconf 90' lang='grc' dir='ltr'><strong><em>δίδασκ’·</em></strong></span> <span class='ocrx_word' id='word_1_347' title='bbox 886 3827 924 3890; x_wconf 86' lang='grc' dir='ltr'><strong><em>οὔ</em></strong></span> <span class='ocrx_word' id='word_1_348' title='bbox 948 3850 994 3890; x_wconf 90' lang='grc' dir='ltr'><strong><em>τοι</em></strong></span> <span class='ocrx_word' id='word_1_349' title='bbox 1017 3827 1141 3909; x_wconf 83' lang='grc' dir='ltr'><strong><em>τηλίκος</em></strong></span> <span class='ocrx_word' id='word_1_350' title='bbox 1164 3827 1226 3908; x_wconf 85' lang='grc' dir='ltr'><strong><em>εἰμλ</em></strong></span> <span class='ocrx_word' id='word_1_351' title='bbox 1240 3826 1365 3908; x_wconf 87' lang='grc' dir='ltr'><strong><em>μαθεῖν.</em></strong></span> <span class='ocrx_word' id='word_1_352' title='bbox 1432 3851 1487 3890; x_wconf 91' lang='grc' dir='ltr'><strong><em>και</em></strong></span> <span class='ocrx_word' id='word_1_353' title='bbox 1478 3826 1561 3911; x_wconf 70' lang='lat' dir='ltr'><strong><em>—J</em></strong></span> <span class='ocrx_word' id='word_1_354' title='bbox 1585 3825 1629 3890; x_wconf 90' lang='grc'><strong><em>01.</em></strong></span> <span class='ocrx_word' id='word_1_355' title='bbox 1648 3829 1721 3891; x_wconf 95' lang='grc'><strong>770.</strong></span> 
     </span>
     <span class='ocr_line' id='line_1_35' title="bbox 494 3913 1721 4000; baseline 0.001 -22"><span class='ocrx_word' id='word_1_356' title='bbox 494 3913 540 3978; x_wconf 84' lang='grc' dir='ltr'><strong><em>ΕΙ.</em></strong></span> <span class='ocrx_word' id='word_1_357' title='bbox 559 3915 630 3978; x_wconf 91' lang='grc'><strong>385.</strong></span> <span class='ocrx_word' id='word_1_358' title='bbox 655 3913 675 3998; x_wconf 86' lang='grc' dir='ltr'><strong><em>ή</em></strong></span> <span class='ocrx_word' id='word_1_359' title='bbox 699 3919 794 3979; x_wconf 89' lang='grc' dir='ltr'><strong><em>ταῦτα</em></strong></span> <span class='ocrx_word' id='word_1_360' title='bbox 818 3916 879 3998; x_wconf 89' lang='grc' dir='ltr'><strong><em>γάρ</em></strong></span> <span class='ocrx_word' id='word_1_361' title='bbox 895 3916 992 3997; x_wconf 85' lang='lat' dir='ltr'>(vulg.</span> <span class='ocrx_word' id='word_1_362' title='bbox 1010 3916 1065 3998; x_wconf 86' lang='grc' dir='ltr'><strong><em>δή)</em></strong></span> <span class='ocrx_word' id='word_1_363' title='bbox 1087 3940 1129 3998; x_wconf 88' lang='grc' dir='ltr'><strong><em>με</em></strong></span> <span class='ocrx_word' id='word_1_364' title='bbox 1144 3916 1198 3979; x_wconf 88' lang='grc' dir='ltr'><strong><em>καλ</em></strong></span> <span class='ocrx_word' id='word_1_365' title='bbox 1219 3916 1441 3999; x_wconf 85' lang='grc' dir='ltr'><strong><em>βεβούλευνται</em></strong></span> <span class='ocrx_word' id='word_1_366' title='bbox 1463 3923 1579 3993; x_wconf 85' lang='grc' dir='ltr'><strong><em>ποιεῖν,·</em></strong></span> <span class='ocrx_word' id='word_1_367' title='bbox 1603 3918 1652 4000; x_wconf 80' lang='lat' dir='ltr'><strong><em>Aj.</em></strong></span> <span class='ocrx_word' id='word_1_368' title='bbox 1668 3919 1721 3982; x_wconf 91' lang='grc'><strong><em>44.</em></strong></span> 
     </span>
     <span class='ocr_line' id='line_1_36' title="bbox 493 4002 1721 4090; baseline 0.002 -23"><span class='ocrx_word' id='word_1_369' title='bbox 493 4003 513 4086; x_wconf 82' lang='grc' dir='ltr'><strong><em>ή</em></strong></span> <span class='ocrx_word' id='word_1_370' title='bbox 534 4005 588 4068; x_wconf 82' lang='grc' dir='ltr'><strong><em>καὶ</em></strong></span> <span class='ocrx_word' id='word_1_371' title='bbox 610 4003 645 4068; x_wconf 88' lang='grc' dir='ltr'><strong><em>τὸ</em></strong></span> <span class='ocrx_word' id='word_1_372' title='bbox 667 4005 818 4088; x_wconf 78' lang='grc' dir='ltr'><strong><em>βούλευμ’</em></strong></span> <span class='ocrx_word' id='word_1_373' title='bbox 835 4005 881 4076; x_wconf 86' lang='grc' dir='ltr'><strong><em>ὡς</em></strong></span> <span class='ocrx_word' id='word_1_374' title='bbox 905 4002 954 4068; x_wconf 80' lang='grc' dir='ltr'><strong><em>ἐπ’</em></strong></span> <span class='ocrx_word' id='word_1_375' title='bbox 972 4005 1122 4088; x_wconf 72' lang='grc' dir='ltr'><strong><em>Ἀργείοις</em></strong></span> <span class='ocrx_word' id='word_1_376' title='bbox 1144 4004 1210 4068; x_wconf 82' lang='grc' dir='ltr'><strong><em>τόδ’</em></strong></span> <span class='ocrx_word' id='word_1_377' title='bbox 1229 4004 1285 4088; x_wconf 85' lang='grc' dir='ltr'><strong><em>ήν,·</em></strong></span> <span class='ocrx_word' id='word_1_378' title='bbox 1308 4005 1383 4069; x_wconf 79' lang='lat' dir='ltr'>Eur.</span> <span class='ocrx_word' id='word_1_379' title='bbox 1401 4005 1451 4070; x_wconf 84' lang='lat' dir='ltr'><strong><em>Or.</em></strong></span> <span class='ocrx_word' id='word_1_380' title='bbox 1472 4007 1565 4070; x_wconf 85' lang='lat'>1331.</span> <span class='ocrx_word' id='word_1_381' title='bbox 1588 4005 1608 4090; x_wconf 85' lang='grc' dir='ltr'><strong><em>ή</em></strong></span> <span class='ocrx_word' id='word_1_382' title='bbox 1632 4006 1721 4070; x_wconf 81' lang='grc' dir='ltr'><strong><em>τοῦδ’</em></strong></span> 
     </span>
     <span class='ocr_line' id='line_1_37' title="bbox 493 4093 991 4177; baseline 0.002 -19"><span class='ocrx_word' id='word_1_383' title='bbox 493 4094 578 4158; x_wconf 75' lang='grc' dir='ltr'><strong><em>ἕκατι</em></strong></span> <span class='ocrx_word' id='word_1_384' title='bbox 600 4094 654 4158; x_wconf 79' lang='grc' dir='ltr'><strong><em>καὶ</em></strong></span> <span class='ocrx_word' id='word_1_385' title='bbox 676 4094 738 4177; x_wconf 82' lang='grc' dir='ltr'><strong><em>βοή</em></strong></span> <span class='ocrx_word' id='word_1_386' title='bbox 762 4093 842 4158; x_wconf 84' lang='grc' dir='ltr'><strong><em>κατὰ</em></strong></span> <span class='ocrx_word' id='word_1_387' title='bbox 868 4096 991 4176; x_wconf 86' lang='grc' dir='ltr'><strong><em>στέγας;</em></strong></span> 
     </span>
    </p>

    <p class='ocr_par' dir='ltr' id='par_1_14' title="bbox 585 4182 1458 4268">
     <span class='ocr_line' id='line_1_38' title="bbox 585 4182 1458 4268; baseline 0.003 -22"><span class='ocrx_word' id='word_1_388' title='bbox 585 4185 656 4247; x_wconf 89' lang='grc'><strong>728.</strong></span> <span class='ocrx_word' id='word_1_389' title='bbox 680 4183 763 4266; x_wconf 83' lang='grc' dir='ltr'><strong><em>μηδὲ</em></strong></span> <span class='ocrx_word' id='word_1_390' title='bbox 763 4183 792 4267; x_wconf 90' lang='grc' dir='ltr'><strong><em>ν]</em></strong></span> <span class='ocrx_word' id='word_1_391' title='bbox 818 4182 980 4248; x_wconf 81' lang='lat' dir='ltr'>Minime.</span> <span class='ocrx_word' id='word_1_392' title='bbox 1020 4184 1157 4268; x_wconf 80' lang='lat' dir='ltr'>Anglice</span> <span class='ocrx_word' id='word_1_393' title='bbox 1179 4184 1228 4267; x_wconf 88' lang='lat' dir='ltr'><strong><em>by</em></strong></span> <span class='ocrx_word' id='word_1_394' title='bbox 1250 4203 1298 4248; x_wconf 88' lang='lat' dir='ltr'><strong><em>no</em></strong></span> <span class='ocrx_word' id='word_1_395' title='bbox 1322 4204 1458 4249; x_wconf 84' lang='lat' dir='ltr'>means.</span> 
     </span>
    </p>
   </div>
   <div class='ocr_carea' id='block_1_10' title="bbox 494 4271 1720 4446">
    <p class='ocr_par' dir='ltr' id='par_1_15' title="bbox 494 4271 1720 4446">
     <span class='ocr_line' id='line_1_39' title="bbox 586 4271 1720 4362; baseline 0.005 -29"><span class='ocrx_word' id='word_1_396' title='bbox 586 4274 657 4336; x_wconf 92' lang='grc'><strong>729.</strong></span> <span class='ocrx_word' id='word_1_397' title='bbox 682 4271 726 4336; x_wconf 89' lang='grc'><strong><em>01.</em></strong></span> <span class='ocrx_word' id='word_1_398' title='bbox 750 4273 833 4337; x_wconf 87' lang='lat' dir='ltr'>Men.</span> <span class='ocrx_word' id='word_1_399' title='bbox 857 4273 912 4336; x_wconf 89' lang='lat' dir='ltr'><strong><em>IV.</em></strong></span> <span class='ocrx_word' id='word_1_400' title='bbox 938 4276 1011 4337; x_wconf 89' lang='grc'><strong>258.</strong></span> <span class='ocrx_word' id='word_1_401' title='bbox 1034 4274 1080 4358; x_wconf 86' lang='grc' dir='ltr'><strong><em>μή</em></strong></span> <span class='ocrx_word' id='word_1_402' title='bbox 1104 4280 1196 4338; x_wconf 91' lang='grc' dir='ltr'><strong><em>τοῦτο</em></strong></span> <span class='ocrx_word' id='word_1_403' title='bbox 1219 4274 1354 4358; x_wconf 75' lang='grc' dir='ltr'><strong><em>βλέφης,</em></strong></span> <span class='ocrx_word' id='word_1_404' title='bbox 1382 4276 1411 4339; x_wconf 84' lang='grc' dir='ltr'><strong><em>εἰ</em></strong></span> <span class='ocrx_word' id='word_1_405' title='bbox 1430 4275 1585 4357; x_wconf 87' lang='grc' dir='ltr'><strong><em>νεώτερος</em></strong></span> <span class='ocrx_word' id='word_1_406' title='bbox 1607 4275 1690 4357; x_wconf 84' lang='grc' dir='ltr'><strong><em>λέγω</em></strong></span> <span class='ocrx_word' id='word_1_407' title='bbox 1716 4271 1720 4362; x_wconf 70' lang='lat' dir='ltr'>i</span> 
     </span>
     <span class='ocr_line' id='line_1_40' title="bbox 494 4359 1263 4446; baseline 0.003 -20"><span class='ocrx_word' id='word_1_408' title='bbox 494 4363 560 4426; x_wconf 89' lang='grc' dir='ltr'><strong><em>ἀλλ’</em></strong></span> <span class='ocrx_word' id='word_1_409' title='bbox 583 4359 618 4426; x_wconf 87' lang='grc' dir='ltr'><strong><em>εῦ</em></strong></span> <span class='ocrx_word' id='word_1_410' title='bbox 642 4367 839 4446; x_wconf 79' lang='grc' dir='ltr'><strong><em>φρονοῦντος</em></strong></span> <span class='ocrx_word' id='word_1_411' title='bbox 862 4362 980 4446; x_wconf 80' lang='grc' dir='ltr'><strong><em>ἀνδρὸς</em></strong></span> <span class='ocrx_word' id='word_1_412' title='bbox 1003 4365 1032 4428; x_wconf 88' lang='grc' dir='ltr'><strong><em>εἰ</em></strong></span> <span class='ocrx_word' id='word_1_413' title='bbox 1051 4364 1167 4446; x_wconf 90' lang='grc' dir='ltr'><strong><em>λόγους</em></strong></span> <span class='ocrx_word' id='word_1_414' title='bbox 1189 4365 1263 4446; x_wconf 79' lang='grc' dir='ltr'><strong><em>ἐρῶ.</em></strong></span> 
     </span>
    </p>
   </div>
   <div class='ocr_carea' id='block_1_11' title="bbox 494 4469 1721 4643">
    <p class='ocr_par' dir='ltr' id='par_1_16' title="bbox 494 4469 1721 4643">
     <span class='ocr_line' id='line_1_41' title="bbox 586 4469 1721 4556; baseline 0.004 -24"><span class='ocrx_word' id='word_1_415' title='bbox 586 4469 657 4532; x_wconf 88' lang='grc'><strong>730.</strong></span> <span class='ocrx_word' id='word_1_416' title='bbox 681 4470 841 4552; x_wconf 80' lang='grc' dir='ltr'><strong><em>ἔργον-</em></strong></span> <span class='ocrx_word' id='word_1_417' title='bbox 865 4470 978 4555; x_wconf 86' lang='grc' dir='ltr'><strong><em>σέβειν]</em></strong></span> <span class='ocrx_word' id='word_1_418' title='bbox 1012 4472 1056 4536; x_wconf 91' lang='grc'><strong><em>01.</em></strong></span> <span class='ocrx_word' id='word_1_419' title='bbox 1085 4473 1135 4554; x_wconf 84' lang='lat' dir='ltr'><strong><em>Aj.</em></strong></span> <span class='ocrx_word' id='word_1_420' title='bbox 1164 4474 1237 4536; x_wconf 89' lang='grc'><strong><em>852</em></strong></span> <span class='ocrx_word' id='word_1_421' title='bbox 1269 4472 1336 4536; x_wconf 86' lang='grc' dir='ltr'><strong><em>ἀλλ’</em></strong></span> <span class='ocrx_word' id='word_1_422' title='bbox 1370 4473 1463 4538; x_wconf 85' lang='grc' dir='ltr'><strong><em>οὐδὲν</em></strong></span> <span class='ocrx_word' id='word_1_423' title='bbox 1500 4475 1594 4556; x_wconf 81' lang='grc' dir='ltr'><strong><em>ἔργον</em></strong></span> <span class='ocrx_word' id='word_1_424' title='bbox 1625 4477 1721 4537; x_wconf 90' lang='grc' dir='ltr'><strong><em>ταῦτα</em></strong></span> 
     </span>
     <span class='ocr_line' id='line_1_42' title="bbox 494 4559 891 4643; baseline 0.005 -22"><span class='ocrx_word' id='word_1_425' title='bbox 494 4559 682 4641; x_wconf 86' lang='grc' dir='ltr'><strong><em>θρηνεῖσθαι</em></strong></span> <span class='ocrx_word' id='word_1_426' title='bbox 704 4560 814 4643; x_wconf 89' lang='grc' dir='ltr'><strong><em>μάτην.</em></strong></span> <span class='ocrx_word' id='word_1_427' title='bbox 840 4561 891 4624; x_wconf 93' lang='grc'><strong><em>12.</em></strong></span> 
     </span>
    </p>
   </div>
   <div class='ocr_carea' id='block_1_12' title="bbox 495 4649 1722 4918">
    <p class='ocr_par' dir='ltr' id='par_1_17' title="bbox 495 4649 1722 4918">
     <span class='ocr_line' id='line_1_43' title="bbox 587 4649 1721 4735; baseline 0.005 -25"><span class='ocrx_word' id='word_1_428' title='bbox 587 4649 659 4712; x_wconf 89' lang='grc'><strong>731.</strong></span> <span class='ocrx_word' id='word_1_429' title='bbox 683 4650 821 4733; x_wconf 84' lang='grc' dir='ltr'><strong><em>εὐσεβεῖν</em></strong></span> <span class='ocrx_word' id='word_1_430' title='bbox 849 4651 881 4720; x_wconf 81' lang='grc' dir='ltr'><strong><em>ἐς</em></strong></span> <span class='ocrx_word' id='word_1_431' title='bbox 908 4649 981 4721; x_wconf 88' lang='grc' dir='ltr'><strong><em>τοὺς</em></strong></span> <span class='ocrx_word' id='word_1_432' title='bbox 1004 4649 1142 4735; x_wconf 87' lang='grc' dir='ltr'><strong><em>κακοὺς]</em></strong></span> <span class='ocrx_word' id='word_1_433' title='bbox 1167 4651 1213 4714; x_wconf 87' lang='grc'><strong><em>01.</em></strong></span> <span class='ocrx_word' id='word_1_434' title='bbox 1236 4653 1328 4716; x_wconf 88' lang='grc'><strong>1350.</strong></span> <span class='ocrx_word' id='word_1_435' title='bbox 1353 4653 1395 4724; x_wconf 90' lang='grc' dir='ltr'><strong><em>εἰς</em></strong></span> <span class='ocrx_word' id='word_1_436' title='bbox 1417 4651 1491 4724; x_wconf 86' lang='grc' dir='ltr'><strong><em>τοὺς</em></strong></span> <span class='ocrx_word' id='word_1_437' title='bbox 1513 4651 1612 4724; x_wconf 87' lang='grc' dir='ltr'><strong><em>θεοὺς</em></strong></span> <span class='ocrx_word' id='word_1_438' title='bbox 1634 4653 1721 4716; x_wconf 86' lang='grc' dir='ltr'><strong><em>εὐσε-</em></strong></span> 
     </span>
     <span class='ocr_line' id='line_1_44' title="bbox 495 4738 1721 4824; baseline 0.004 -23"><span class='ocrx_word' id='word_1_439' title='bbox 495 4742 588 4802; x_wconf 89' lang='grc' dir='ltr'><strong><em>πτεῖν.</em></strong></span> <span class='ocrx_word' id='word_1_440' title='bbox 617 4738 697 4802; x_wconf 84' lang='lat' dir='ltr'><strong>Phil.</strong></span> <span class='ocrx_word' id='word_1_441' title='bbox 725 4741 818 4803; x_wconf 89' lang='grc'><strong>1441.</strong></span> <span class='ocrx_word' id='word_1_442' title='bbox 847 4740 985 4822; x_wconf 85' lang='grc' dir='ltr'><strong><em>εὐσεβεῖν</em></strong></span> <span class='ocrx_word' id='word_1_443' title='bbox 1008 4739 1044 4802; x_wconf 88' lang='grc' dir='ltr'><strong><em>τά</em></strong></span> <span class='ocrx_word' id='word_1_444' title='bbox 1068 4739 1150 4822; x_wconf 87' lang='grc' dir='ltr'><strong><em>πρὸς</em></strong></span> <span class='ocrx_word' id='word_1_445' title='bbox 1172 4742 1278 4812; x_wconf 86' lang='grc' dir='ltr'><strong><em>θεούς.</em></strong></span> <span class='ocrx_word' id='word_1_446' title='bbox 1306 4741 1382 4805; x_wconf 84' lang='lat' dir='ltr'><strong>Eur.</strong></span> <span class='ocrx_word' id='word_1_447' title='bbox 1404 4741 1455 4806; x_wconf 80' lang='lat' dir='ltr'><strong><em>Fr.</em></strong></span> <span class='ocrx_word' id='word_1_448' title='bbox 1478 4743 1557 4824; x_wconf 84' lang='lat'><strong>685,</strong></span> <span class='ocrx_word' id='word_1_449' title='bbox 1583 4743 1611 4805; x_wconf 95' lang='grc'><strong><em>3.</em></strong></span> <span class='ocrx_word' id='word_1_450' title='bbox 1635 4743 1721 4806; x_wconf 85' lang='grc' dir='ltr'><strong><em>εύσε-</em></strong></span> 
     </span>
     <span class='ocr_line' id='line_1_45' title="bbox 495 4827 1722 4918; baseline 0.004 -27"><span class='ocrx_word' id='word_1_451' title='bbox 495 4829 607 4914; x_wconf 88' lang='grc' dir='ltr'><strong><em>βσῦσιν</em></strong></span> <span class='ocrx_word' id='word_1_452' title='bbox 635 4829 677 4900; x_wconf 84' lang='grc' dir='ltr'><strong><em>εἰς</em></strong></span> <span class='ocrx_word' id='word_1_453' title='bbox 705 4828 810 4901; x_wconf 89' lang='grc' dir='ltr'><strong><em>θεούς.</em></strong></span> <span class='ocrx_word' id='word_1_454' title='bbox 844 4829 958 4896; x_wconf 76' lang='lat' dir='ltr'>Aesch.</span> <span class='ocrx_word' id='word_1_455' title='bbox 982 4827 1041 4913; x_wconf 79' lang='lat' dir='ltr'><strong><em>Ag.</em></strong></span> <span class='ocrx_word' id='word_1_456' title='bbox 1067 4831 1140 4893; x_wconf 84' lang='lat'><strong>338.</strong></span> <span class='ocrx_word' id='word_1_457' title='bbox 1178 4832 1207 4894; x_wconf 88' lang='grc' dir='ltr'><strong><em>εί</em></strong></span> <span class='ocrx_word' id='word_1_458' title='bbox 1228 4831 1256 4896; x_wconf 82' lang='grc' dir='ltr'><strong><em>δ’</em></strong></span> <span class='ocrx_word' id='word_1_459' title='bbox 1285 4831 1449 4914; x_wconf 85' lang='grc' dir='ltr'><strong><em>εὐσεβοῦσι</em></strong></span> <span class='ocrx_word' id='word_1_460' title='bbox 1481 4830 1533 4914; x_wconf 81' lang='grc' dir='ltr'><strong><em>(εὖ</em></strong></span> <span class='ocrx_word' id='word_1_461' title='bbox 1555 4833 1722 4918; x_wconf 69' lang='grc' dir='ltr'><strong><em>σέβουσιῗ)</em></strong></span> 
     </span>
    </p>
   </div>
   <div class='ocr_carea' id='block_1_13' title="bbox 0 0 2009 5850">
    <p class='ocr_par' dir='ltr' id='par_1_18' title="bbox 0 0 2009 5850">
     <span class='ocr_line' id='line_1_46' title="bbox 0 0 2009 5850; baseline 0 0"><span class='ocrx_word' id='word_1_462' title='bbox 0 0 2009 5850; x_wconf 95' lang='lat' dir='ltr'><strong><em> </em></strong></span> 
     </span>
    </p>
   </div>
  </div>
 </body>
</html>
