3984 5850
826 776 972 821 ιαπιαοεω
1470 758 1512 821 53

279 934 482 1016 δημοκρατίᾳ
515 941 587 1016 νικᾷ
618 936 684 1016 ζῆν.
717 932 834 999 Herod.
859 935 896 997 V.
923 935 994 998 118.
1024 936 1101 1017 αὕτη
1130 937 1190 1018 μέν
1217 959 1274 1000 νυν
1297 937 1357 999 οὐκ
1381 936 1511 1019 ἕνίκαῇ

278 1025 406 1105 γνώμη.
431 1022 485 1085 VI.
513 1024 582 1086 101.
615 1024 701 1087 ένίκα
729 1024 774 1106 μὴ
804 1025 938 1088 ἐκλιπεῖν
960 1024 1016 1107 τὴν
1038 1025 1137 1088 πόλιν.
1162 1024 1232 1088 VII.
1252 1026 1323 1087 175.
1347 1026 1366 1107 ἡ
1391 1031 1512 1089 νικῶσα

278 1112 315 1175 δὲ
340 1114 454 1195 γνώμη
478 1113 599 1194 ἐγένετο
623 1120 680 1177 010.
704 1112 788 1176 Xon.
813 1116 874 1177 An.
890 1113 945 1177 VI.
975 1116 1001 1177 1.
1029 1116 1077 1176 18.
1101 1115 1136 1177 έκ
1160 1120 1214 1197 τῆς
1237 1116 1375 1196 νικώσης
1397 1116 1511 1196 ἔπρατ-

277 1226 335 1265 τον
367 1204 478 1264 πάντα.
511 1201 594 1265 ΡΙα1
619 1201 727 1286 Pomp.
754 1204 803 1263 77.
836 1204 922 1265 ἐνίκα
951 1204 1078 1285 φεύγειν
1106 1205 1149 1274 εἰς
1172 1204 1228 1286 τὴν
1250 1204 1420 1285 Αἴγυπτον.
1443 1205 1511 1269 Liv.

278 1294 334 1372 37,
361 1292 410 1353 19.
435 1291 537 1355 ‘Haeo
559 1294 715 1357 sententia
736 1292 836 1356 vicil'

372 1383 446 1443 234.
471 1380 515 1444 01.
540 1380 587 1443 ΕΙ.
612 1383 685 1444 617.
717 1379 752 1444 εὗ
784 1405 842 1444 νυν
873 1382 988 1444 ἐπίστω
1020 1382 1122 1445 τῶνδέ
1152 1384 1187 1463 μ’
1215 1383 1367 1464 αἰσχύνην
1390 1384 1480 1465 ἔχειν,
1506 1380 1510 1469 ]

276 1472 332 1533 κεί
352 1470 398 1552 μὴ
424 1471 515 1533 δοκῶ
538 1495 595 1534 σοι.
663 1472 715 1533 κελ
736 1508 791 1541 -,
815 1472 932 1553 φράσω
958 1469 986 1533 δ’
1011 1470 1118 1554 ὅμως]
1143 1470 1187 1535 01.
1212 1470 1247 1535 0.
1263 1470 1299 1533 R.
1325 1472 1397 1535 302.
1421 1472 1512 1535 πόλιν

277 1561 351 1641 μὲν,
375 1561 404 1622 εί
424 1560 478 1623 καί
499 1559 545 1643 μὴ
569 1560 705 1641 βλέπεις,
729 1566 858 1642 φρονεῖς
875 1560 902 1623 δ’
919 1560 1012 1641 ὅμως
1032 1562 1035 1637 Ι
1057 1562 1108 1642 οἵᾳ
1132 1560 1219 1642 νόσῳ
1234 1561 1382 1625 σύνεστιν.
1398 1563 1448 1644 Aj.
1463 1563 1510 1623 15.

373 1651 447 1712 235.
469 1656 525 1731 τῆς
557 1649 682 1720 ἐλπίδος
715 1648 945 1732 δεδραγμένος]
979 1650 1023 1713 ef.
1055 1651 1165 1713 Aesch.
1190 1652 1247 1733 Ag.
1274 1652 1346 1714 505.
1383 1650 1512 1715 πολλῶν

278 1740 441 1820 ῥαγεισῶν
473 1739 610 1802 ἐλπίδων
640 1744 717 1821 μιᾶς
747 1741 861 1821 τυχών.
899 1738 973 1801 Eur.
1002 1738 1069 1802 Tr0.
1100 1741 1172 1802 745.
1204 1740 1234 1802 τί
1262 1764 1327 1821 μου
1361 1739 1512 1821 δέδραξαι

277 1828 387 1910 χεροί,·
410 1828 504 1891 Hom.
528 1827 564 1890 Il.
591 1830 640 1910 13,
664 1830 736 1892 393.
760 1828 868 1898 κόνιος
891 1828 1106 1911 δεδραγμένος
1128 1830 1345 1912 αἱματοέσσης.
1372 1830 1421 1911 16,
1437 1831 1510 1893 486.

277 1918 375 1980 Hom.
397 1918 484 1980 -Batr
512 1918 583 1979 156.
612 1918 805 2000 δραξάμενοι
820 1919 983 2000 κορύθων.
1014 1918 1089 1981 Plat.
1106 1917 1177 1999 Lys.
1190 1918 1299 1981 20911.
1320 1918 1511 2001 δραξάμενοι
1614 1936 1619 1943 ’

277 2013 346 2069 τῶν
369 2007 465 2070 ἁλῶν.
491 2006 611 2070 Gallim.
628 2006 734 2091 Epigr.
751 2008 774 2071 l.
794 2009 843 2071 13.
867 2009 1015 2090 μείζονος
1033 2010 1123 2071 οἴκου
1144 2010 1148 2087 Ι
1170 2008 1357 2089 δράξασθαι.
1383 2007 1511 2071 Lucian.

280 2096 406 2180 Plrilop.
430 2098 481 2158 22.
507 2096 705 2178 δραξάμενός
727 2121 792 2178 μου
816 2104 871 2161 τοῦ
895 2098 1032 2167 λώπους.
1058 2098 1138 2161 Plut.
1160 2099 1268 2161 Artax.
1286 2098 1337 2161 29.
1360 2103 1398 2181 τῇ
1422 2098 1511 2180 ἑτέρᾳ

277 2186 361 2270 χειρί
385 2186 585 2269 δραξάμενος
607 2193 662 2269 τῆς
684 2186 790 2268 κόμης
812 2187 918 2250 αὐτοῦ.

372 2278 446 2338 236.
468 2276 505 2340 τὸ
520 2275 691 2359 μόρσιμον]
703 2274 747 2339 01.
757 2275 783 2339 F
783 2296 806 2338 r.
818 2278 892 2357 867,
903 2278 931 2337 2.
955 2276 1038 2357 ἥξεις
1050 2312 1090 2321 -
1102 2277 1145 2346 εἷς
1159 2275 1196 2339 τδ
1210 2276 1378 2359 μόρσιμον.
1396 2276 1509 2340 Aeseh.

281 2366 387 2427 Prom.
413 2366 486 2427 933.
519 2368 548 2428 τί
569 2366 598 2429 δ’
621 2368 661 2429 ἂν
693 2366 857 2447 φοβοίμην
888 2363 917 2447 ᾧ
949 2366 1058 2428 θανεῖν
1087 2366 1125 2429 οὐ
1148 2365 1325 2448 μόρσιμον,·
1358 2365 1434 2428 0110.
1460 2366 1509 2429 97.

277 2455 314 2517 τὸ
338 2455 500 2535 μόρσιμον
528 2454 588 2536 γὰρ
616 2456 671 2518 τόν
693 2455 719 2516 τ’
742 2455 912 2536 ἐλεύθερον
939 2456 1025 2535 μένει
1051 2490 1105 2515 -.
1135 2455 1207 2516 457.
1239 2454 1321 2537 Sept.
1347 2456 1420 2518 263.
1443 2456 1509 2519 πεί-

277 2566 378 2623 σομαι
401 2543 437 2605 τὸ
459 2544 627 2625 μόρσιμον.
652 2543 726 2607 Eur.
752 2544 869 2608 Phoen.
894 2545 966 2606 895.
994 2543 1029 2607 τὸ
1052 2544 1176 2626 μέλλον,
1201 2545 1230 2607 εἰ
1249 2543 1325 2626 χρὴ,
1349 2545 1509 2626 πείσομαι·

278 2636 308 2695 τί
329 2632 393 2713 γὰρ
415 2633 534 2707 πάθω;
566 2633 644 2696 Ρλεί.
669 2633 762 2717 Gorg.
786 2655 814 2717 p.
840 2635 903 2695 512
921 2632 956 2695 Ε.
989 2633 1035 2695 ὅτι
1066 2632 1123 2715 τὴν
1155 2634 1348 2715 εἱμαρμένην
1376 2633 1447 2697 οὐδ’
1471 2635 1510 2696 ἀν

278 2723 323 2793 εἷς
346 2724 491 2803 ἐκφύγοι.

371 2812 445 2874 237.
470 2810 571 2874 801101.
602 2811 638 2873 τὸ
669 2818 724 2895 τῆς
751 2812 928 2893 Ἀντιγόνης
959 2811 1137 2893 πρόσωπον
1169 2811 1222 2875 καί
1253 2818 1309 2875 τοῦ
1341 2819 1442 2893 χοροῦ
1474 2812 1509 2875 τὸ

275 2902 477 2985 τετράστιχον
501 2901 685 2978 ἀθειοῦνῑαι
710 2940 751 2948 -
774 2907 913 2983 κρεῖττον
937 2901 1011 2983 γὰρ,
1040 2901 1145 2984 φασίν,
1173 2902 1297 2972 εὐθέως
1320 2910 1365 2984 τῷ
1389 2902 1508 2965 δικαιο-

276 2995 402 3073 λογικῴ
424 2992 605 3074 χρήσασθαι
631 2991 685 3055 τὸν
713 2991 866 3055 Οἰδίπουν
893 2991 974 3072 πρὸς
997 2992 1121 3061 αύτούς.
1190 2991 1262 3054 ἀνθ’
1287 2989 1342 3074 οὗ]
1373 2989 1510 3066 Quam·

277 3084 419 3146 obrem.
459 3081 503 3144 01.
528 3079 602 3143 Eur.
627 3079 704 3145 Hee.
731 3081 824 3144 1136.
848 3080 922 3143 ἀνθ’
947 3081 1022 3144 διου
1047 3080 1076 3144 δ’
1100 3081 1220 3144 ἔκτεινά
1242 3105 1298 3143 νιν.

371 3173 445 3232 238.
470 3168 513 3232 01.
534 3169 568 3233 Ο.
584 3168 621 3231 R.
639 3170 711 3233 958.
735 3171 764 3232 εἰ
783 3175 876 3233 τοῦτο
899 3175 1029 3251 πρῶτον
1053 3171 1103 3234 δεῖ
1121 3169 1156 3250 μ’
1181 3170 1363 3250 ἀπαγγεῖλαι
1387 3175 1509 3252 σαφῶς.

278 3264 329 3343 Aj.
355 3262 429 3322 719.
462 3258 498 3322 τὸ
530 3263 658 3339 πρῶτον
682 3264 825 3342 (πρῶτον
848 3258 950 3339 τόδ’λ]
974 3260 1112 3340 ἀγγεῖλαι
1135 3259 1231 3323 θέλω.
1267 3259 1508 3322 7100111230.

277 3354 332 3433 ζῇ·
356 3354 469 3428 πρῶτα
494 3349 554 3429 γάρ
578 3372 627 3411 σοι
650 3349 764 3431 τάγάθ’
788 3348 945 3430 ἀγγέλλειν
968 3349 1065 3412 θέλω.

371 3439 444 3500 246.
469 3439 577 3518 διφίαν
600 3437 699 3522 κόνιν]
725 3439 770 3502 01.
787 3439 860 3501 429.
880 3439 994 3501 Aesch.
1014 3440 1072 3521 Ag.
1089 3439 1161 3501 495.
1188 3437 1276 3519 διψία
1300 3438 1395 3508 κόνις.
1421 3437 1508 3521 Virg.

279 3533 360 3592 Aen.
386 3526 441 3590 vl.
467 3528 540 3588 227.
564 3528 653 3589 ‘vino
676 3527 819 3591 bibulam
843 3528 949 3592 lavere
972 3527 1131 3590 favillam?

371 3619 444 3679 247.
468 3617 735 3702 κάφαγιστεύσας]
759 3617 784 3680 l.
808 3636 832 3681 0.
856 3617 910 3680 καλ
933 3617 1163 3699 ἀφαγιοτεύσας
1185 3618 1265 3699 (non
1289 3617 1361 3698 ἐφ).
1402 3614 1444 3680 01.
1469 3617 1509 3680 ad

282 3707 355 3770 196.
378 3707 473 3788 τάφῳ
495 3730 527 3769 τε
549 3706 672 3788 κρύφαι
695 3707 749 3770 καλ
771 3707 808 3769 τὰ
831 3707 921 3769 πάντ’
945 3707 1114 3788 ἀφαγνίσαι
1138 3707 1198 3787 (ἐφ.
1224 3707 1282 3784 01.).

372 3799 446 3860 249.
471 3797 545 3861 οὔτε
565 3819 621 3859 του
646 3795 794 3878 γενῇδος]
828 3795 880 3860 810
904 3797 977 3858 257.
1011 3797 1082 3859 οὔτε
1110 3820 1165 3859 του
1194 3800 1309 3858 κυνῶν.
1340 3795 1412 3857 917.
1438 3797 1508 3859 οὔτε

276 3911 335 3950 του
360 3886 475 3968 γάμου.
515 3883 562 3949 00
591 3886 662 3948 οὔτε
686 3923 727 3931 -
752 3886 790 3948 ού
814 3886 851 3948 01.
876 3884 911 3948 Ο.
929 3885 961 3949 G.
980 3887 1052 3947 972.
1076 3885 1150 3948 Eur.
1176 3882 1227 3947 Or.
1245 3886 1284 3946 41
1304 3904 1349 3965 sq.
1418 3890 1508 3966 γενῇ-

278 3977 352 4060 δος]
377 3975 432 4040 810
456 3974 551 4058 γῇτης
574 3975 711 4057 (γηίτης)
734 3975 781 4037 Tr.
806 3975 857 4037 32.
886 3975 1037 4058 ἐχενῇδας
1064 3975 1177 4040 Aesch.
1206 3974 1261 4056 Ag.
1289 3974 1359 4034 145.
1389 3973 1507 4055 παρῇδ’

276 4066 362 4148 ἐμὰν
385 4064 460 4128 Eur.
482 4065 550 4147 Iph.
574 4067 613 4127 A.
640 4065 711 4127 187.

370 4156 444 4217 250.
469 4153 659 4237 γενῇδος-
676 4153 810 4237 πλῆγμ’]
835 4151 880 4216 01.
908 4155 1000 4216 1283.
1023 4154 1070 4216 Tr.
1090 4155 1161 4215 522.
1185 4151 1260 4214 Eur.
1280 4150 1347 4233 Iph.
1363 4150 1394 4213 T.
1414 4151 1508 4213 1366.

277 4246 358 4308 ὅθεν
380 4243 418 4305 τὰ
443 4243 528 4306 δεινὰ
552 4244 707 4325 πλήγματ’
730 4242 771 4326 ἦν
794 4243 971 4324 γενειάδων.
1064 4243 1205 4324 δικέλλης
1233 4239 1366 4323 ἐκβολὴ]
1397 4239 1508 4304 Paullo

277 4335 371 4398 aliter
387 4333 501 4397 Aesch.
516 4331 608 4396 Eum.
621 4333 693 4395 748.
713 4333 885 4415 πεμπάζετ’
902 4333 1013 4412 ὀρθῶς
1029 4331 1162 4413 ἐκβολὰς
1177 4331 1309 4413 ψήφων.
1379 4329 1508 4414 ἐκβολή]

278 4423 444 4504 Egestus
467 4421 573 4502 (stat).
642 4422 836 4504 στύφλος-
855 4421 910 4504 γῆ]
935 4421 980 4484 01.
1006 4422 1117 4483 Aeseh.
1144 4420 1245 4482 Prorn.
1272 4420 1343 4481 749.
1369 4419 1508 4501 στύφλου

276 4515 403 4596 πέτρας.
429 4511 502 4575 Eur.
526 4511 594 4594 Iph.
617 4511 648 4573 Τ.
675 4512 769 4575 1395.
795 4512 906 4574 Bacch.
935 4511 1027 4572 1137.
1052 4510 1198 4591 στύφλοις
1221 4511 1356 4590 πέτραις.

369 4604 444 4664 251.
467 4601 597 4684 χέρσος]
621 4599 760 4664 0108.
777 4603 866 4663 1502.
890 4599 1007 4663 Herod.
1021 4599 1076 4662 IV.
1091 4601 1159 4662 123.
1183 4605 1238 4680 τῆς
1261 4599 1371 4681 χώρης
1395 4597 1510 4680 ἐούσης

277 4695 405 4774 χέρσου.
430 4689 506 4752 Eur.
530 4690 578 4753 Ill.
603 4693 675 4753 325.
767 4689 893 4772 ἀρρὼξ]
923 4689 967 4753 01.
992 4690 1041 4753 Tr.
1070 4689 1138 4750 168.
1163 4688 1273 4758 ὅπλοις
1296 4689 1416 4768 ἀρῶξιν
1440 4688 1507 4768 (ἀρ-

277 4783 423 4862 ρῶξινῗ).
453 4786 486 4843 et
513 4779 552 4842 ad
580 4779 629 4842 Fr.
654 4780 760 4858 475)?
800 4779 914 4842 Confer
945 4779 1117 4861 καταρρώξ
1149 4778 1228 4840 Phil.
1260 4778 1331 4840 937.
1366 4775 1509 4858 διορρώξ

276 4871 352 4934 Eur.
377 4870 445 4955 Iph.
468 4869 502 4932 Τ.
527 4869 599 4930 262.
689 4868 933 4951 ἐπημαξευμένη
961 4867 1018 4950 -]
1048 4867 1092 4931 01.
1122 4866 1195 4930 Eur.
1225 4865 1275 4929 Or.
1302 4865 1396 4928 1251.
1426 4866 1508 4948 ἁμα-
