3984 5850
756 694 882 739 οτυασε
905 693 1055 739 οοιοωιυε
1457 674 1520 736 173

286 854 450 937 πυρωπὸν
473 856 509 918 ἐκ
534 853 608 924 Διὸς
630 853 738 935 μολεῖν
758 852 763 935 Ι
784 852 948 933 κεραυνόν.
973 851 1021 914 Fr.
1046 852 1164 915 Herod.
1187 851 1211 913 Ι.
1237 854 1287 913 54.
1311 852 1521 933 προλέγουσαι

289 944 438 1027 Κροίσῳ,
463 947 503 1025 ἢν
526 943 727 1026 στρατεύηται
750 942 801 1005 ἐπί
815 940 960 1023 Πέρσας,
983 942 1125 1024 μεγάλην
1148 942 1250 1023 ἀρχήν
1272 965 1327 1023 μιν
1351 941 1521 1004 καταλῦσαι

288 1034 340 1116 (al.
369 1033 573 1112 καταλύσειν).
605 1031 663 1095 IlI.
692 1031 743 1095 64.
776 1038 821 1113 τῷ
854 1031 889 1094 δὲ
914 1068 954 1075 -
980 1031 1151 1113 ἐκέχρηστο
1176 1067 1215 1077 -
1246 1031 1280 1093 ἐν
1307 1030 1521 1113 Ἀγβατάνοισι

288 1124 479 1205 τελευτήσειν
501 1121 732 1204 Ιτελευτήσαιῗ]
754 1120 809 1183 τὸν
830 1122 909 1203 βίον.
933 1122 1029 1183 Arist.
1052 1121 1143 1203 Vesp.
1163 1121 1234 1183 160.
1258 1120 1277 1183 ὁ
1301 1118 1361 1201 γάρ
1384 1118 1461 1189 θεὸς
1478 1156 1519 1165 -

290 1215 483 1296 μούχρηοαν
498 1212 675 1294 άποκλῆναι
690 1211 766 1273 τότε.
786 1213 846 1273 Av.
865 1210 959 1272 1074.
975 1209 1250 1291 ἐπαναγορεύεται,
1272 1209 1276 1291 Ι
1297 1212 1337 1291 ἢν
1352 1210 1519 1291 ἀποκτείνῃ

288 1327 335 1372 τις
358 1303 451 1383 ὑμῶν
474 1300 634 1383 Διαγόραν
656 1299 710 1363 τὸν
728 1298 865 1382 Μήλιον,
885 1300 890 1381 Ι
911 1299 1082 1381 λαμβάνειν
1105 1299 1262 1361 τάλαντον.

384 1410 433 1471 92.
458 1406 642 1490 οἰκήσοντα]
668 1406 712 1469 Cf.
724 1407 797 1469 626.
821 1405 953 1469 κοῦποτ’
973 1405 1128 1469 Οἰδίπουν
1144 1407 1223 1487 ἐρεῖς
1244 1406 1248 1489 Ι
1269 1405 1396 1488 ἀχρεῖον
1419 1406 1520 1488 οἰκη-

291 1504 386 1580 τήρα
410 1498 564 1570 δέξασθαι
585 1497 695 1560 τόπων
715 1501 719 1571 Ι
739 1501 804 1558 τῶν
827 1495 946 1558 ἐνθάδ’.

383 1589 434 1650 93.
458 1588 535 1669 ἄτην
559 1586 593 1649 δέ
615 1592 680 1655 τοῖς
702 1586 880 1667 πέμψασιν,
905 1583 991 1666 οἴμ’
1015 1583 1193 1667 ἀπήλασαν]
1223 1584 1266 1647 Of.
1291 1584 1338 1647 El.
1365 1586 1436 1647 762.
1459 1588 1522 1653 τοῖς

294 1678 322 1739 δ’
346 1677 468 1739 ἰδοῦσιν
490 1676 561 1757 (leg.
584 1681 648 1745 τοῖς
670 1681 807 1757 παροῦσι
832 1674 885 1753 δἸ,
910 1675 1001 1755 οἵπερ
1024 1674 1157 1756 εἴδομεν.

384 1785 435 1846 94.
458 1782 559 1846 τῶνδε
583 1820 623 1829 -
647 1781 782 1867 πένθος]
816 1782 861 1845 01.
890 1780 965 1843 Eur.
993 1781 1063 1843 Ale.
1093 1782 1165 1843 380.
1202 1782 1322 1851 πένθος
1352 1818 1392 1827 -
1420 1782 1522 1865 τῆσδε.

339 1870 526 1955 παρηγγύα]
551 1872 595 1936 cf.
612 1871 687 1934 Eur.
704 1871 811 1955 Suppl.
829 1872 902 1942 700.
924 1872 1123 1952 παρηγγύων
1144 1872 1147 1951 Ι
1168 1870 1343 1952 κελευσμὸν
1358 1871 1523 1954 ἀλλήλοισι.

386 1964 436 2025 95.
459 1961 534 2030 Διὸς
561 1960 669 2044 σέλας]
703 1961 725 2023 1.
750 1982 776 2025 ο.
805 1961 968 2042 ἀστραπήν
995 1960 1139 2041 (fulgur).
1175 1959 1210 2021 V.
1234 1959 1439 2023 Herwerden.
1463 1959 1523 2025 Ex.

294 2053 370 2115 Crit
393 2072 422 2134 p.
448 2052 498 2113 30.
538 2049 658 2113 Similis
692 2070 801 2113 versus
834 2056 882 2113 est
913 2050 1027 2112 Aesch.
1052 2048 1126 2113 Cho.
1152 2049 1224 2112 756.
1257 2052 1276 2131 ἢ
1307 2049 1341 2129 ΙΙ.
1365 2050 1406 2131 εἰ)
1433 2049 1524 2131 λιμὸς

294 2144 314 2224 ἢ
339 2142 417 2222 δίψη
440 2164 485 2210 τις
508 2136 587 2221 Ιδίηί
611 2140 744 2217 αὐτὸνΡΙ
769 2142 788 2221 ἢ
812 2139 961 2219 λιψουρία
986 2138 1198 2219 Ιλειιγουρίαῗ)
1219 2139 1223 2219 Ι
1244 2140 1313 2220 ἔχει.

386 2230 436 2292 96.
459 2230 519 2310 μέν
542 2226 610 2311 νυν]
645 2228 689 2290 Of.
714 2226 749 2290 O.
767 2227 802 2290 R.
828 2230 878 2290 31.
910 2227 959 2290 Tr.
983 2229 1057 2289 441.
1091 2226 1164 2289 Eur.
1188 2226 1358 2311 Hipp.·20.
1390 2228 1524 2290 τούτοισι

295 2409 340 2473 Cf.
365 2406 440 2470 Eur.
465 2408 532 2471 Alc.
557 2409 631 2469 613.
655 2408 801 2480 ἐξιοῦσαν
826 2405 957 2487 ὑστάτην
980 2405 1066 2468 ὁδόν.
1090 2405 1166 2469 Her.
1192 2407 1241 2469 37.

386 2516 438 2578 97.
461 2514 572 2577 πιστὸν
603 2516 638 2587 ἐξ
664 2515 758 2596 ὑμῶν
781 2512 907 2596 πτερὸν]
941 2512 985 2575 Of.
1013 2512 1107 2575 1540.
1140 2513 1251 2594 ἐπείγει
1283 2514 1343 2595 γάρ
1375 2538 1416 2596 με
1447 2515 1524 2577 τούκ

295 2606 377 2668 θεοῦ
405 2604 511 2685 παρόν
539 2604 715 2687 ΙπτερόνΡ).
744 2604 856 2665 Aesch.
881 2603 963 2685 Sept
989 2603 1061 2664 603.
1090 2608 1152 2683 φεῦ
1175 2607 1231 2664 τοῦ
1260 2604 1526 2675 ξυναλλάσσοντος

296 2694 457 2777 ὄρνιθος
489 2695 615 2776 βροτοῖς
636 2694 640 2775 Ι
662 2693 783 2756 δίκαιον
820 2692 922 2773 ἄνδρα
955 2698 1032 2754 τοῖσι
1065 2690 1325 2773 δυσσεβεστέροις.
1359 2694 1432 2757 838.
1465 2695 1524 2777 Ag.

299 2785 371 2846 112.
399 2784 471 2846 157.
504 2784 616 2845 Aesch.
648 2781 696 2844 Fr.
726 2784 775 2845 95.
809 2782 923 2863 ὄρνιθα
958 2781 987 2843 δ’
1012 2781 1051 2843 ού
1074 2786 1159 2843 ποιῶ
1182 2804 1216 2843 σε
1248 2789 1302 2863 τῆς
1330 2783 1409 2864 ἐμής
1437 2783 1525 2847 ὁδοῦ.

295 2873 385 2956 Trag.
410 2872 515 2955 adesp.
540 2874 613 2934 275.
646 2873 769 2953 εύορνις
800 2872 887 2954 τύχη.
977 2869 1103 2954 πτερὸν]
1129 2868 1253 2934 Omen.
1293 2871 1435 2936 Otl‘Eur.
1459 2870 1526 2937 Ion.

298 2963 372 3026 377.
398 2960 437 3024 δι’
461 2963 588 3024 οίωνῶν
610 2968 742 3043 πτεροῖς.
767 2962 862 3044 Hipp.
881 2961 952 3023 760.
977 2961 1073 3023 Arist
1090 2960 1136 3024 Pl.
1154 2959 1204 3022 63.
1229 2961 1325 3043 δέχου
1348 2961 1402 3025 τὸν
1425 2961 1526 3044 ἀνδρα

297 3052 351 3114 καί
374 3051 429 3113 τὸν
451 3052 539 3132 ὄρνιν
561 3057 617 3113 τοῦ
640 3052 729 3114 θεοῦ.
758 3050 880 3114 Gallim.
904 3047 977 3112 Lav.
1003 3048 1081 3111 Pall.
1108 3049 1178 3112 125.
1203 3057 1364 3130 γνωοεῖτσι
1389 3050 1417 3114 δ’
1442 3053 1526 3134 ὄρνι-

298 3143 361 3210 θας
385 3142 421 3210 ὃς
444 3142 543 3210 αἴσιος
566 3141 602 3203 οἵ
618 3164 649 3203 τε
664 3140 807 3203 πέτονται
827 3141 832 3221 Ι
853 3140 948 3221 ἤλιθα
964 3139 1018 3201 καί
1038 3139 1141 3201 ποίων
1158 3139 1218 3201 οὐκ
1234 3139 1354 3220 ἀγαθαί
1369 3142 1527 3222 πτέρυγες.

390 3248 431 3309 99
448 3267 493 3329 sq.
527 3245 570 3308 cf.
594 3249 668 3309 471.
701 3248 813 3310 Aesc-h.
842 3246 933 3309 Eum.
961 3248 1033 3309 107.
1065 3245 1143 3309 Plat.
1175 3246 1254 3308 Phil.
1280 3247 1317 3310 61
1339 3249 1373 3312 B.
1405 3249 1528 3331 μέλιτος

298 3337 359 3420 μὲν
382 3339 422 3399 ἄν
445 3337 610 3409 ἀπεικάζοι
637 3361 681 3406 τις
708 3337 764 3418 τήν
790 3343 845 3418 τής
869 3337 987 3418 ήδονής
1011 3335 1167 3417 (κρήνην),
1191 3336 1247 3416 τήν
1271 3336 1306 3400 δὲ
1328 3344 1383 3419 τῆς
1406 3339 1527 3419 φρονή-

300 3451 383 3495 σεως
405 3427 599 3508 νηφαντικὴν
626 3425 680 3488 καλ
702 3427 811 3488 ἄοινον
838 3427 997 3506 αὐστηροῦ
1021 3425 1074 3486 καὶ
1096 3426 1233 3504 ὑγιεινοῦ
1256 3450 1338 3496 τινος
1362 3427 1483 3496 ύδατος.

392 3517 442 3577 99.
465 3512 734 3596 πρώταισινύμῖν
759 3514 817 3598 -]
846 3514 891 3576 01.
916 3515 989 3576 466.
1013 3513 1114 3576 τῶνδε
1138 3513 1309 3596 δαιμόνων,
1338 3516 1387 3597 ἐφ’
1411 3518 1449 3586 ἃς
1469 3521 1472 3596 Ι
1493 3515 1528 3577 τὸ

301 3611 432 3687 πρῶτον
454 3605 526 3666 ίκου
542 3599 682 3685 (πρώτας
698 3604 858 3686 ἀρνίκουῖ).
927 3602 1108 3685 ἀντέκυροἸ
1134 3603 1416 3684 Encountered,
1441 3609 1528 3686 met,

300 3698 396 3759 have
418 3713 522 3756 come
546 3695 586 3756 in
608 3700 763 3756 contaot
786 3694 883 3755 with.
908 3692 955 3755 Gl.
972 3694 1011 3754 A.
1036 3692 1188 3774 ἐνέτυχον.
1225 3692 1268 3755 Of.
1283 3694 1375 3756 1686.
1386 3693 1442 3756 Ph.
1455 3694 1527 3756 545.

394 3803 464 3865 100.
489 3801 621 3880 ἀοίνοις]
646 3800 690 3864 Cf.
708 3801 821 3864 Aesch.
839 3801 930 3863 Eum.
950 3800 1021 3861 106.
1045 3798 1064 3881 ή
1089 3799 1189 3862 πολλὰ
1212 3801 1329 3882 μὲνδὴ
1354 3806 1417 3864 τῶν
1441 3802 1529 3882 ἐμῶν

301 3893 434 3965 ἐλείξατε
454 3890 458 3972 Ι
479 3892 558 3972 χοάς
579 3890 605 3952 τ’
629 3891 770 3962 ἀοίνους,
794 3890 931 3972 νηφάλια
954 3889 1152 3970 μειλίγματα,
1179 3925 1233 3951 --.
1313 3889 1390 3953 κάπὶ
1413 3891 1530 3972 σεμνὸν

301 3981 422 4063 ἑζόμην
446 3980 504 4062 -Ι
538 3979 582 4042 01.
610 3981 684 4042 Ant.
716 3980 809 4042 1000.
846 3981 889 4048 είς
925 3977 1060 4040 παλαιὸν
1091 3979 1197 4041 θᾶκον
1226 4016 1266 4023 -
1295 3979 1380 4052 ἵζων.
1416 3982 1528 4043 Aesch.

302 4070 394 4132 Eum.
419 4071 470 4132 29.
494 4069 526 4138 ἐς
548 4069 689 4150 θρόνους
712 4069 887 4142 καθιζάνω.
917 4067 1020 4130 Pr0n1.
1039 4068 1111 4128 236.
1133 4067 1188 4130 τὸν
1211 4077 1361 4150 πατρῷον
1384 4071 1427 4139 εἰς
1449 4070 1529 4151 θρό-

302 4183 359 4222 νον
379 4158 384 4240 Ι
403 4158 556 4230 καθέζετ’.
580 4155 851 4220 Eur.10n.1623.
876 4159 919 4227 είς
941 4158 1082 4238 θρόνους
1107 4156 1135 4220 δ’
1159 4158 1229 4230 ἵζου
1248 4159 1410 4230 παλαιούς.
1437 4161 1530 4222 Arist.

301 4249 382 4312 Ran.
409 4249 502 4310 1522.
525 4245 678 4328 μηδέποτ’
703 4248 745 4316 είς
772 4247 827 4310 τὸν
849 4248 954 4310 θᾶκον
981 4245 1036 4308 τὸν
1060 4245 1138 4326 ἐμὸν
1158 4247 1162 4328 Ι
1182 4247 1259 4330 μηδ’
1283 4249 1373 4312 ἄκων
1397 4249 1530 4330 ἐγκαθε-

303 4339 406 4400 δεῖται.
431 4335 548 4398 Herod.
573 4335 596 4398 l.
623 4337 694 4398 199.
727 4338 876 4418 ἱζομένην
904 4338 936 4405 ἐς
963 4335 1033 4416 ίράν
1051 4336 1246 4419 Ἀφροδίτης.
1280 4337 1336 4400 ΙΠ.
1357 4340 1427 4401 140.
1451 4339 1531 4412 ἵζετο

303 4428 336 4495 ἐς
358 4425 395 4488 τὰ
418 4426 579 4506 πρόθυρα.
612 4424 667 4487 IV.
694 4427 764 4488 148.
797 4427 901 4499 ἵζοντο
934 4426 966 4495 ἐς
992 4424 1028 4486 τὸ
1054 4423 1217 4506 Τηΰγετον.
1250 4428 1400 4490 Aeschin.
1427 4429 1454 4507 9,
1481 4429 1530 4490 14.

303 4515 428 4588 καθίζει
456 4514 506 4577 ἐπί
533 4513 587 4578 τὸν
614 4514 730 4596 βωμδν
756 4521 811 4596 τῆς
838 4515 959 4597 μητρὸς
981 4519 1046 4576 τῶν
1069 4514 1164 4576 θεῶν.
1189 4514 1261 4596 Lys.
1289 4518 1360 4596 132,
1385 4519 1414 4578 4.
1438 4517 1531 4580 καθί·

294 4608 413 4682 Ιζουσιν
435 4604 486 4667 ἐπὶ
508 4603 562 4667 τὸν
584 4604 699 4685 βωμόν
722 4603 950 4686 Μουνυχίασιν.
975 4602 1053 4666 Plat.
1078 4601 1192 4666 Phaed.
1218 4606 1258 4667 60
1276 4605 1311 4666 B.
1338 4606 1530 4678 ἀνακαθιζά-

302 4718 400 4777 μενος
423 4693 475 4756 ἐπὶ
496 4692 553 4775 τήν
576 4693 691 4774 κλίνην.
715 4692 807 4776 Diog.
830 4693 864 4756 L.
888 4691 912 4755 I.
938 4695 987 4755 51.
1012 4692 1148 4762 καθίσας
1171 4695 1213 4763 είς
1236 4693 1290 4756 τὸν
1313 4695 1442 4776 θρόνον.

396 4783 468 4845 101.
492 4781 704 4866 ἄσκέπαρνον]
730 4783 777 4846 01.
801 4785 840 4846 A.
863 4784 1001 4856 ἄξεοτον.
