3984 5850
864 678 996 723 εειιαιιιι
1482 659 1542 721 157

410 840 504 901 1143.
527 843 649 921 τροφῆς
681 836 903 920 ἀνωφελήτου]
937 836 981 900 01.
1012 836 1123 900 Aesch.
1153 836 1227 899 cho.
1254 838 1326 898 752.
1358 836 1412 899 καὶ
1443 836 1544 898 πολλὰ

317 928 371 991 '⁴⁰²
392 925 1326 1099 11111111101213111²1111·

411 1066 504 1169 1145]
528 1040 681 1169 Sffliliter
705 1063 877 1187 Aj.11⁹03.'
903 1063 975 1167 οὐδ’.
997 1102 1067 1166 ἐσθ’
1089 1064 1177 1167 kam}
1199 1103 1249 1167 σολ
1271 1065 1361 1167 τάνδε
1383 1109 1543 1186 κοσμῆσαι

317 1194 439 1277 πλέον]
460 1194 560 1277 ἀρχῆς
583 1194 682 1256 ἔκειτο
705 1192 826 1275 θεσμὸς
849 1195 869 1275 ἢ
892 1192 946 1255 καλ
968 1192 1051 1274 τῷδε
1074 1193 1116 1256 σέ.

410 1284 503 1345 1149.
527 1282 701 1367 ἐκλέλοιπε]
717 1280 959 1347 Defecerant.
994 1281 1039 1344 01.
1051 1283 1124 1345 985.
1140 1282 1221 1345 ὥστε
1235 1282 1281 1364 μὴ
1300 1281 1427 1345 ’κλιπεῖν
1442 1282 1541 1351 κλέος.

410 1374 504 1435 1150.
528 1370 748 1457 συναρπάσας]
773 1372 818 1435 01.
842 1372 912 1435 Act.
937 1372 1046 1454 Apost.
1070 1370 1210 1434 XXVII.
1230 1372 1278 1432 15.
1302 1372 1542 1453 συναρπασθέν-

318 1486 371 1531 τος
395 1461 429 1525 δὲ
452 1466 508 1525 τοῦ
531 1462 643 1525 πλοίου
667 1498 708 1507 -
733 1460 925 1543 ἐφερόμεθα.
952 1460 1048 1523 Thuc.
1074 1458 1127 1522 VI.
1154 1462 1225 1524 104.
1251 1460 1466 1541 ἀναρπασθεὶς
1488 1459 1543 1523 ὑπ’

318 1552 374 1613 άνὲ
399 1574 447 1613 ου.

373 1576 502 1702 μ1153.
526 1640 665 1721 μαίνεται
682 1640 710 1703 δ’
729 1639 786 1721 ὑφ’
802 1637 937 1722 ἡδονῆς]
962 1637 1007 1701 01.
1029 1640 1124 1701 Arist
1141 1636 1218 1701 Rau.
1238 1639 1309 1701 751.
1333 1639 1419 1702 πλεῖν
1434 1641 1455 1721 ἢ
1470 1639 1544 1720 μοί-

319 1753 414 1811 νομαι
429 1732 482 1809 (sc.
498 1730 639 1811 χαίρων).
656 1728 730 1791 Eur.
744 1726 829 1810 Cyol.
840 1728 914 1790 465.
931 1728 1053 1810 γέγηθα
1068 1728 1271 1810 μαινόμεσθα
1288 1728 1459 1809 (μαίνομαί
1471 1727 1545 1805 τεΡ]

411 1818 503 1880 1155.
527 1820 696 1901 φήμας-
712 1815 936 1900 προύπεμπες]
962 1817 1007 1880 01.
1031 1816 1119 1881 011.
1145 1818 1240 1880 1286.
1262 1818 1459 1899 προπέμψας
1481 1817 1544 1899 ἄχη

410 2015 503 2077 1157.
528 2012 722 2097 ἐξαφείλετο]
756 2011 801 2075 01.
824 2014 913 2097 Trag.
938 2012 1042 2098 adesp.
1067 2014 1140 2097 296,
1163 2015 1192 2075 2.
1225 2014 1435 2096 ε’ξαφαιρεῖται
1467 2037 1544 2095 φρε-

318 2108 384 2166 νῶν
405 2106 409 2185 ]
429 2103 484 2166 τὸν
507 2110 584 2166 νοῦν
606 2103 660 2166 τὸν
682 2103 807 2166 ἐσθλόν.

410 2194 504 2255 1158.
528 2192 593 2255 ἀντὶ
615 2192 762 2275 φιλτάτης
786 2192 910 2256 σποδοῦ
927 2191 985 2276 -]
1011 2190 1054 2255 01.
1078 2193 1192 2256 Aesoh.
1217 2194 1276 2274 Ag.
1293 2192 1366 2254 440.
1389 2191 1544 2273 πυρωθὲν

318 2283 353 2355 ἐξ
371 2280 463 2346 Ἰλίου
487 2282 599 2364 φίλοισι
619 2282 736 2363 πέμπει
752 2282 877 2364 (Ἄρης)
899 2280 1004 2365 βραχὺ
1027 2287 1142 2364 ψῆγμα
1171 2281 1390 2363 δυσδάκρυτον
1413 2281 1543 2363 ἀντήνο-

318 2395 375 2453 ρος
398 2370 521 2434 σποδοῦ
546 2371 683 2453 γεμίζων
705 2371 837 2454 λέβητας
860 2370 1018 2440 εὐθέτους.
1043 2372 1107 2433 434
1118 2389 1164 2451 sq.
1189 2370 1263 2433 Eur.
1287 2370 1507 2453 Suppl.1125.

411 2460 504 2523 1159.
527 2460 650 2523 σποδόν
672 2484 703 2523 τε
727 2460 780 2522 καλ
804 2459 906 2543 σκιὰν]
930 2459 974 2523 01.
999 2460 1074 2523 Eur.
1098 2459 1146 2522 Fr.
1172 2461 1245 2538 532,
1261 2460 1290 2521 2.
1314 2459 1486 2522 κατθανών
1510 2459 1545 2522 δὲ

317 2555 380 2619 πᾶς
403 2548 484 2631 ἀνὴρ
508 2554 549 2632 γῆ
570 2549 624 2611 καὶ
647 2550 727 2611 σκιά.
751 2548 827 2612 Hor.
852 2547 909 2613 Od.
933 2547 988 2611 IV.
1015 2549 1044 2610 7.
1071 2550 1119 2611 16.

410 2655 503 2719 1166.
526 2655 582 2738 τὴν
613 2655 726 2739 μηδὲν]
765 2654 838 2721 Sub.
867 2653 975 2719 οὖσαν.
1014 2655 1060 2719 01.
1089 2657 1138 2738 Aj.
1165 2656 1258 2718 1231.
1291 2654 1337 2717 ὅτ’
1370 2653 1465 2718 οὐδὲν
1497 2657 1545 2717 ῶν

317 2751 373 2808 τοῦ
400 2745 502 2828 μηδὲν
529 2745 676 2827 ἀντέστης
703 2746 791 2827 ὕπερ.
826 2744 898 2808 767.
931 2746 949 2808 ὁ
972 2744 1074 2827 μηδὲν
1097 2746 1152 2808 ῶν.
1188 2744 1281 2808 1094.
1314 2746 1351 2814 ὃς
1372 2744 1475 2827 μηδὲν
1497 2746 1545 2807 ὢν

319 2840 464 2915 γοναῖσιν.
490 2836 583 2897 1275.
607 2834 643 2897 τὸ
665 2834 767 2917 μηδὲν
790 2835 940 2904 ὄντας-
958 2835 1120 2915 ἐρρύσατο.
1147 2834 1195 2896 Tr.
1222 2834 1315 2897 1107.
1340 2835 1401 2895 κᾶν
1423 2833 1459 2896 τδ
1481 2858 1543 2916 μη-

320 2923 372 2987 δὲν
396 2921 432 2988 ώ.
457 2922 493 2988 0.
510 2924 545 2988 R.
572 2924 665 2988 1019.
700 2924 753 2987 καὶ
786 2929 857 2994 πῶς
889 2924 1036 3005 ὁφύσας
1068 2924 1103 2998 ἐξ
1134 2926 1203 2987 ἴσου
1226 2932 1273 3006 τῴ
1294 2923 1424 3006 μηδενί,·
1457 2921 1493 2987 Ο.
1510 2922 1544 2986 0.

320 3015 391 3076 918.
415 3013 492 3095 κάμ’
516 3015 585 3076 ἴσον
617 3021 663 3095 τῷ
694 3014 809 3097 μηδενί
829 3013 954 3094 (ἔδοξας
977 3012 1073 3091 εἶναι).
1108 3015 1157 3095 Aj.
1184 3014 1278 3075 1114.
1307 3014 1346 3076 οὐ
1370 3012 1430 3096 γάρ
1453 3014 1544 3094 ἠξίου

317 3103 390 3173 τοὺς
412 3103 561 3185 μηδένας.
586 3102 661 3166 Eur.
685 3101 803 3166 Phoen.
829 3103 902 3165 598.
926 3101 980 3165 τὸν
1003 3103 1106 3166 οὐδέν.

410 3210 503 3274 1169.
527 3215 582 3273 τοῦ
600 3215 716 3272 σοῦ-
735 3209 959 3273 ἀπολείπεσθαι
977 3207 1098 3292 τάφου]
1124 3209 1168 3272 01.
1184 3207 1259 3272 Eur.
1277 3208 1328 3273 Or.
1346 3209 1418 3271 216.
1443 3209 1544 3293 ἀμνη-

316 3304 410 3382 μονῶ
438 3299 499 3380 γάρ
527 3304 591 3362 τῶν
627 3299 701 3382 πρὶν
733 3299 937 3380 ἀπολειφθεὶς
969 3304 1106 3380 φρενῶν.
1134 3298 1216 3361 Med.
1242 3299 1292 3360 35.
1324 3299 1476 3381 πατρῴας
1498 3299 1544 3382 μὴ

318 3388 544 3451 ἀπολείπεσθαι
566 3387 695 3471 χθονός.

409 3495 503 3558 1173.
528 3493 572 3557 01.
597 3494 677 3558 Phil,
704 3497 797 3558 1421.
821 3496 875 3558 καὶ
897 3495 946 3559 σοὶ
971 3532 1012 3541 -
1037 3493 1118 3558 τοῦτ’
1142 3495 1296 3576 ὀφείλεται
1322 3496 1446 3558 παθεῖν.
1470 3495 1545 3558 Eur.

319 3585 416 3646 Andr.
443 3585 536 3648 1271.
569 3589 664 3648 πᾶσιν
696 3583 757 3667 γὰρ
784 3585 1004 3667 ἀνθρώποισιν
1031 3586 1089 3666 ἥδε
1115 3583 1197 3665 πρὸς
1223 3585 1337 3666 θεῶν]
1357 3590 1469 3667 ψῆφος
1492 3586 1545 3648 κέ-

317 3697 462 3756 κρανται,
490 3675 660 3738 κατθανεῖν
686 3675 711 3736 τ’
736 3674 897 3755 ὀφείλεται.
927 3675 1022 3737 Arist.
1045 3673 1095 3737 Fr.
1119 3675 1193 3736 442.
1220 3672 1256 3735 τὸ
1284 3673 1345 3754 γάρ
1375 3675 1546 3755 φοβεῖσθαι

318 3763 371 3826 τὸν
395 3764 536 3827 θάνατον
559 3763 655 3846 λῆρος
678 3763 789 3834 κολάς’
811 3763 815 3844 Ι
835 3768 930 3826 πᾶσιν
953 3763 1014 3845 γὰρ
1037 3764 1112 3845 ἡμῖν
1134 3760 1216 3826 τοῦτ’
1245 3763 1399 3844 ὀφείλεται
1421 3763 1544 3826 ποθεῖν.

410 3853 503 3916 1174.
527 3859 585 3916 ποῖ
608 3853 715 3934 λόγων
737 3889 780 3898 -
803 3851 923 3936 ἐλθω;]
963 3851 1121 3916 Connecte
1154 3856 1212 3915 ποῖ
1239 3871 1314 3915 cum
1346 3851 1459 3934 λόγων.
1498 3851 1544 3915 01.

181 3963 185 3968 ’
319 3941 490 4006 00170.
514 3948 573 4005 ποῖ
591 3967 635 4013 τις
658 3942 826 4024 φροντίδος
847 3942 943 4025 ἔλθη·
967 3943 1039 4006 310.
1063 3948 1123 4006 ποῖ
1133 3945 1263 4025 φρενῶν
1279 3941 1384 4017 ἔλθω,·
1405 3940 1454 4003 Tr.
1473 3941 1545 4004 705.

318 4031 378 4094 οὐκ
402 4031 467 4113 ἔχω
494 4068 533 4076 -
558 4037 616 4094 ποῖ
640 4033 771 4114 γνώμης
798 4033 896 4095 πέσω.
929 4030 1010 4094 Phil.
1034 4033 1107 4094 896.
1140 4038 1199 4095 ποῖ
1223 4031 1293 4094 ποτ’
1322 4031 1432 4113 ἐξέβης
1459 4030 1546 4111 λόγῳ

318 4121 348 4200 (l.
372 4120 506 4203 λόγων),·
530 4122 625 4184 Arist.
648 4121 702 4184 Th.
730 4122 823 4184 1128.
856 4123 933 4204 σῖαῖ,
956 4122 984 4182 τί
1006 4120 1133 4201 δράσω,·
1165 4121 1247 4204 πρὸς
1278 4122 1362 4191 τίνας
1394 4120 1545 4202 στρεφθῶ

317 4210 448 4291 λόγους,·
480 4211 594 4274 Aesoh.
619 4211 705 4274 Pers.
730 4211 803 4273 458.
837 4210 911 4273 ὥστ’
944 4210 1117 4291 ἀμηχανεῖν
1142 4209 1146 4293 Ι
1172 4211 1248 4277 ὅποιι
1277 4212 1453 4292 τράποιντο.
1486 4211 1545 4291 Ag.

320 4299 413 4362 1530.
438 4299 596 4382 ἀμηχανῶ
622 4335 660 4344 -
686 4299 882 4381 εὐπαλάμων
903 4301 1060 4381 μεριμνᾶν
1083 4299 1147 4361 ὅπα
1171 4299 1289 4381 ίὸποιῗ]
1311 4300 1489 4382 τράπωμαι.

410 4390 503 4450 1175.
527 4394 652 4470 κρατεῖν
676 4426 717 4434 —-
742 4386 902 4471 γλώσσης]
937 4388 981 4451 01.
1010 4388 1145 4451 Monost.
1174 4390 1225 4450 80.
1264 4389 1408 4472 γλώσσης
1444 4393 1546 4470 πειρῶ

317 4483 449 4560 κρατεῖν.
487 4477 562 4540 Eur.
590 4477 660 4541 Hel.
692 4479 784 4540 1388.
822 4483 997 4560 κρατοῦντα
1035 4477 1198 4559 στόματος.
1242 4478 1354 4541 Aesch.
1388 4478 1438 4542 Pr.
1472 4478 1544 4539 884.

318 4567 462 4650 γλώσσης
485 4567 633 4650 ἀκρατής.

405 4675 502 4737 1178.
525 4673 579 4737 καλ
601 4674 676 4756 μάλ’
700 4672 837 4757 ἀθλίως]
867 4671 913 4735 01.
938 4675 1052 4737 Aesch.
1078 4673 1126 4735 Fr.
1151 4673 1223 4735 309.
1252 4678 1362 4755 χοῖρον
1389 4673 1442 4735 καὶ
1470 4673 1545 4754 μάλ’

319 4763 566 4846 εὐθηλούμενον.
