3984 5850
501 657 564 719 292
1009 673 1136 719 omns
1158 673 1221 718 11111

499 834 608 906 κακός.
642 834 734 898 Alex.
758 853 837 898 com.
861 831 918 896 111.
943 835 1017 896 453.
1050 834 1079 900 εἰ
1106 832 1152 915 μὴ
1182 831 1243 914 γὰρ
1266 834 1314 895 ῶν
1346 832 1522 914 ἅνθρωπος
1549 832 1737 913 ἀνθρώπου
1828 830 1830 859 ¹

499 925 607 1006 τύχαις
627 923 631 1000 Ι
652 923 856 1006 ύπηρέτηαω,
879 927 943 986 ποῦ
966 924 1153 1004 φανήσομαι
1175 926 1325 1004 φρονῶν,·
1348 921 1384 985 0.
1400 919 1436 983 R.
1461 923 1534 984 217.
1558 921 1594 985 0.
1605 921 1639 985 0.
1656 924 1736 985 283.
1828 958 1830 965 -

500 1011 584 1076 Xon.
609 1011 701 1078 Mem.
726 1011 749 1075 I.
774 1015 803 1074 4.
826 1012 875 1074 13.
898 1017 964 1081 ταῖς
986 1011 1092 1081 νόσοις
1115 1011 1330 1092 ἐπικουρῆσαι.
1354 1011 1542 1094 Antiphont.
1558 1009 1616 1074 111.
1633 1015 1662 1073 4.
1684 1013 1737 1073 10.

500 1108 566 1172 ταῖς
600 1101 738 1184 ἀτυχίαις
769 1101 973 1183 βοηθοῦντες.
1009 1101 1137 1164 Isocrat
1168 1100 1221 1162 lv.
1251 1101 1301 1162 56.
1334 1100 1496 1182 βοηθῆσαι
1527 1106 1592 1170 ταῖς
1624 1101 1738 1163 αύτῶν

500 1196 690 1273 συμφοραῖς.
724 1189 822 1274 Epist.
847 1191 876 1271 9,
902 1191 950 1253 16.
984 1187 1014 1252 S.
1037 1188 1133 1252 Marc.
1157 1187 1278 1272 Evang.
1301 1187 1359 1252 IX.
1385 1192 1435 1250 24.
1462 1190 1578 1272 βοήθει
1604 1213 1670 1270 μου
1696 1197 1738 1272 τῇ

502 1280 635 1344 ἄπιστ’.
1828 1310 1829 1319 ’

591 1303 664 1432 218.
688 1367 789 1452 ἀλκὴν
813 1405 853 1415 -
877 1366 1002 1452 κακῶν]
1042 1367 1087 1431 Of.
1111 1367 1186 1430 Eur.
1210 1367 1309 1430 Andr.
1334 1369 1385 1429 28.
1418 1367 1518 1450 ἀλκήν
1545 1367 1601 1430 τιν’
1629 1368 1739 1449 εύρεῖν
1828 1364 1829 1389 ’

502 1457 734 1541 κάπικούρηοιν
757 1458 993 1540 (κάπικούφισιν
1009 1463 1094 1521 recte
1109 1455 1227 1534 Herw.)
1243 1462 1363 1520 κακῶν.
1388 1455 1440 1520 Or.
1458 1458 1553 1519 1341.
1577 1459 1739 1539 οῖκτειρον

501 1549 586 1630 ἡμᾶς
608 1546 844 1629 κάπικούφισον
867 1552 986 1610 κακῶν.
1010 1545 1058 1609 ΕΙ.
1084 1547 1134 1608 72.
1166 1546 1297 1628 μόχθου
1322 1547 1582 1627 ’πικουφίζουσαν
1605 1547 1670 1628 (σε).
1828 1558 1829 1561 ’

591 1637 664 1700 210.
688 1635 827 1720 ἁγῶ-]
851 1635 923 1700 soil.
940 1637 1000 1717 ἔπη
1017 1634 1123 1716 (210).
1191 1636 1398 1708 ξένος-τοῦ
1414 1634 1527 1719 λόγου]
1552 1638 1581 1699 A
1605 1641 1738 1698 stran-

501 1745 568 1810 ger
601 1731 635 1789 te
668 1726 743 1789 this
776 1743 935 1788 rumour.
974 1723 1071 1788 Nulla
1103 1724 1188 1787 enim
1213 1725 1368 1808 oppositio
1397 1725 1450 1786 hic
1477 1723 1739 1798 1111101111ος

502 1813 678 1896 (advena)
703 1819 734 1877 et
756 1813 849 1884 ἀστός
872 1813 1011 1895 (civis).
1051 1811 1267 1896 01111ρροο1.
1292 1833 1320 1896 p.
1345 1815 1485 1896 22012.
1508 1820 1564 1876 τοῦ
1587 1815 1736 1896 πνεύμα-
1828 1804 1829 1847 1

501 1927 555 1974 τος
586 1905 690 1986 ῥεῦσις
722 1903 919 1985 ξενικωτάτη.
953 1902 1033 1965 Plat.
1056 1902 1148 1986 Apol.
1175 1900 1269 1965 171).
1303 1903 1403 1976 ξένως
1429 1904 1499 1986 ,ἔχω
1530 1909 1586 1986 τῆς
1613 1903 1738 1966 ἐνθάδε
1828 1930 1829 1959 1

502 1994 627 2067 λέξεως.
695 1991 782 2056 τοῦδ’
806 1991 923 2075 ἐξερῶ]
948 1991 992 2055 01.
1017 1992 1056 2054 ad
1079 1993 1129 2074 Aj.
1155 1991 1248 2053 1101.
1273 1991 1329 2055 Ρ11.
1354 1994 1404 2053 22.

593 2082 667 2144 220.
692 2081 730 2146 οὗ
755 2080 815 2163 γὰρ
838 2083 878 2145 ἂν
895 2079 953 2164 -]
977 2080 1035 2144 Ita
1058 2082 1157 2144 enim
1180 2081 1281 2161 (ξένος
1299 2082 1348 2143 ῶν
1362 2087 1418 2144 τοῦ
1434 2079 1631 2163 πρύγματος(
1656 2101 1736 2145 non

502 2173 714 2256 potuissem
743 2190 855 2254 porro
884 2190 964 2235 rem
992 2171 1244 2252 investigare,
1271 2169 1419 2232 nullum
1449 2170 1638 2233 indicium
1667 2171 1737 2234 ha-

504 2261 605 2325 bens.
645 2259 690 2324 01.
715 2261 766 2322 82.
800 2259 867 2323 ἀλλ’
901 2260 1022 2322 εἰκάσαι
1053 2258 1113 2340 μὲν
1145 2259 1236 2341 ἡδύς·
1270 2260 1310 2322 οὐ
1342 2258 1402 2341 γὰρ
1429 2261 1469 2322 ἂν
1492 2295 1535 2305 -
1559 2257 1619 2324 ὧδ’
1644 2261 1737 2340 εἷρπε

502 2351 564 2414 κτλ.
599 2351 671 2413 318.
705 2349 743 2412 ού
776 2349 837 2431 γὰρ
870 2350 910 2411 ἂν
943 2348 1029 2430 δεῦρ’
1057 2349 1182 2430 ἷκόμην.
1221 2347 1276 2412 Ρ11.
1301 2350 1374 2410 412.
1412 2349 1472 2412 οὐκ
1503 2347 1544 2431 ἦν
1580 2351 1623 2412 ἔτι
1655 2351 1736 2423 ζῶν,

502 2437 532 2504 ὦ
556 2437 630 2513 ξέν’·
659 2439 698 2502 οὐ
722 2437 782 2520 γὰρ
806 2439 845 2501 ἄν
867 2462 943 2502 ποτε
971 2475 1006 2484 -·
1033 2436 1192 2519 ἐουλήθην
1215 2437 1288 2518 ἐγώ.
1312 2436 1487 2501 0.c.146.
1512 2438 1601 2520 δηλῶ
1624 2438 1667 2501 δ’·
1693 2442 1736 2502 ού

504 2527 564 2610 γὰρ
592 2530 631 2591 ἂν
654 2525 714 2592 ὧδ’
739 2563 779 2573 -
804 2527 922 2608 εἷρπον.
947 2527 997 2590 99.
1022 2525 1069 2588 ΕΙ.
1095 2528 1189 2590 1448.
1213 2526 1333 2600 ἔξοιδα,
1356 2531 1428 2597 πῶς
1451 2527 1511 2608 γὰρ
1535 2529 1622 2609 οὐχί;
1650 2552 1734 2610 συμ-

503 2622 609 2700 φορᾶς
633 2617 693 2698 γὰρ
717 2618 756 2678 ἂν
777 2617 781 2699 (
801 2616 925 2690 ἔξωθεν
940 2617 1007 2698 εἴην
1022 2616 1084 2679 κτλ.
1110 2617 1182 2678 323.
1202 2615 1295 2678 1305.
1318 2615 1367 2678 Τ1.
1386 2617 1479 2679 1118.
1496 2619 1610 2681 Aesch.
1627 2617 1735 2681 Prom.

505 2706 599 2768 1019.
632 2705 708 2768 Eur.
733 2704 810 2770 Hec.
843 2707 936 2769 1251.
969 2705 1019 2768 σοῖ
1052 2703 1080 2767 δ’
1113 2705 1173 2768 οὐκ
1207 2705 1339 2788 ἔχρησεν
1371 2705 1466 2768 οὐδὲν
1493 2703 1541 2769 ῶν
1569 2708 1649 2788 ἔχεις
1671 2731 1733 2770 κα-

503 2800 589 2871 κῶν,·
613 2795 617 2878 (
644 2792 717 2858 ΠΟ.
751 2795 790 2858 ού
823 2795 883 2876 γάρ
914 2793 984 2857 ποτ’
1008 2796 1048 2857 ἂν
1080 2794 1119 2857 σύ
1150 2792 1185 2876 μ’
1222 2795 1299 2864 εἷλες
1335 2791 1401 2858 ῶδε
1438 2793 1496 2858 σὺν
1534 2795 1630 2877 δόλῳ.
1662 2795 1735 2880 Iph.

502 2884 534 2949 T.
565 2884 658 2949 1201.
697 2881 797 2949 Orest.
833 2884 904 2947 705.
942 2884 1038 2948 Arist.
1072 2881 1119 2947 Pl.
1147 2886 1221 2947 427.
1257 2883 1398 2966 Thucyd.
1425 2883 1572 2948 111151.
1600 2885 1668 2969 Iph.
1693 2893 1735 2950 A.

507 2975 599 3037 1256.
638 2974 722 3056 φιλῶ
758 2974 783 3035 τ’
822 2974 960 3056 ἐμαυτοῦ
1001 2975 1107 3037 τέκνα·
1145 2975 1317 3055 μαινοίμην
1358 2974 1419 3055 γὰρ
1459 2975 1506 3038 ἅν.
1547 2977 1645 3038 Arist
1676 2975 1735 3038 Th.

507 3065 601 3127 1014.
625 3064 691 3146 ἥξει
723 3087 765 3145 με
797 3066 927 3127 σώσων·
961 3064 1000 3127 ού
1033 3061 1094 3145 γὰρ
1125 3064 1166 3125 ἂν
1188 3064 1370 3144 παρέπτετο.
1404 3062 1485 3127 Ν1111.
1510 3065 1583 3126 227.
1607 3065 1646 3128 ού
1670 3066 1735 3147 γὰρ

504 3154 543 3215 ἄν
577 3176 653 3216 ποτε
685 3154 689 3236 (
714 3153 849 3235 ἐξηῦρον
886 3152 997 3233 ὀρθῶς
1033 3150 1070 3214 τὰ
1101 3153 1246 3233 μετέωρα
1282 3153 1468 3235 πράγματα,
1498 3152 1502 3234 Ι
1531 3155 1561 3216 εἷ
1588 3154 1634 3235 μὴ
1667 3156 1735 3217 κτλ.

503 3242 582 3307 Plat.
607 3240 715 3325 Symp.
742 3240 859 3305 1751).
893 3241 990 3325 δῆλον
1022 3241 1068 3304 ὅτι
1099 3238 1195 3323 ηὗρες
1226 3240 1304 3305 αὐτὸ
1335 3242 1389 3305 καὶ
1415 3243 1507 3324 ἔχεις·
1540 3244 1579 3306 οὐ
1608 3243 1668 3325 γὰρ
1692 3246 1736 3306 ἂν

503 3332 713 3414 προαπέοτης.
780 3330 910 3413 μακρὰν
933 3328 1068 3413 ἴχνευον]
1093 3328 1136 3391 01.
1152 3330 1200 3392 Tr.
1218 3332 1290 3393 317.
1308 3331 1377 3393 οὐδ’
1393 3331 1578 3413 δνιστόρουν
1592 3334 1735 3414 μακράν.

505 3422 555 3503 Aj.
581 3421 675 3484 1040.
698 3420 743 3503 μὴ
767 3426 844 3484 τεῖνε
865 3421 1003 3502 μακράν.
1071 3425 1127 3482 τοῦ
1150 3420 1366 3505 πραχθέντος]
1390 3420 1414 3483 I.
1438 3439 1464 3502 ε,
1488 3422 1595 3485 caedis
1618 3420 1696 3484 Laii.

595 3511 667 3572 221.
690 3510 735 3591 μὴ
761 3511 821 3573 οὐκ
846 3510 930 3593 ἔχων
952 3534 979 3573 τι
1002 3508 1177 3593 σύμβολον]
1210 3507 1332 3592 Redde,
1364 3509 1393 3572 ‘I
1425 3509 1537 3572 should
1567 3516 1624 3574 not
1649 3512 1735 3575 have

505 3600 717 3683 investigated
750 3600 776 3663 it
807 3598 864 3661 far
892 3604 957 3663 not
990 3598 1130 3680 having
1157 3617 1230 3679 any
1258 3598 1330 3661 clue
1354 3604 1385 3662 to
1419 3597 1461 3661 it)
1499 3598 1597 3662 ‘Nisi
1628 3599 1734 3662 indi-

505 3689 606 3752 cium
640 3688 797 3769 aliquod
831 3686 1023 3751 haberem'
1056 3689 1152 3751 vertit
1182 3686 1341 3768 Dindorf.,
1368 3688 1530 3771 σύμβολον
1558 3688 1597 3751 ad
1622 3707 1735 3752 oracu-

506 3778 573 3841 lum
598 3776 636 3840 ab
661 3776 797 3841 Creonte
821 3776 949 3840 allatum
966 3778 1054 3857 (242)
1073 3776 1275 3840 referendum
1299 3796 1368 3840 εεεε
1392 3778 1578 3860 αόιυοοεοε,
1602 3798 1644 3842 ex
1667 3798 1734 3859 quo

504 3873 697 3949 cognoverat
724 3864 863 3950 Oedipus
895 3884 977 3949 quae
1009 3867 1063 3928 via
1093 3865 1156 3928 sibi
1187 3866 1397 3948 ingredienda
1429 3873 1518 3930 esset.
1561 3867 1663 3931 Schol.
1691 3869 1733 3931 οὐ

506 3954 566 4037 γὰρ
590 3957 629 4018 ἂν
651 3956 803 4019 τοσούτου
827 3957 918 4025 ὄντος
940 3961 995 4019 τοῦ
1011 3955 1131 4037 χρόνου
1146 3961 1202 4018 τοῦ
1218 3955 1336 4037 μεταξὺ
1352 3956 1523 4038 ἀνεζήτουν
1537 3956 1573 4019 τὸ
1588 3962 1732 4039 πρᾶγμα,

506 4044 607 4127 εἰμὴ
636 4044 743 4127 ᾔδειν
770 4044 1098 4127 καταληψόμενος.
1137 4044 1182 4107 01.
1206 4045 1246 4107 ad
1272 4046 1320 4107 12.
1346 4044 1381 4109 O.
1398 4045 1430 4109 0.
1455 4045 1528 4108 360.
1552 4048 1639 4130 ἥκεις
1670 4045 1733 4128 γὰρ

506 4134 545 4197 οὐ
577 4134 652 4215 κενή
693 4156 727 4214 γε
757 4170 796 4179 -
824 4133 869 4216 μὴ
908 4134 979 4215 οὐχὶ
1016 4133 1097 4216 δεῖμ’
1129 4133 1200 4217 ἐμοὶ
1236 4135 1380 4215 φέρουσά
1416 4158 1452 4197 τι.
1488 4134 1579 4198 Dem.
1603 4133 1655 4198 Or.
1681 4135 1732 4198 18.

506 4223 525 4303 ἓ
549 4225 622 4285 228.
655 4223 693 4285 οὐ
727 4221 787 4305 γὰρ
819 4225 859 4285 ἂν
895 4223 1095 4305 μεταπείθειν
1126 4224 1211 4306 ὑμᾶς
1238 4224 1336 4306 ἐζήτει
1362 4224 1407 4306 μὴ
1432 4224 1492 4306 (μὴ
1517 4224 1594 4302 ούῗ(
1625 4225 1731 4287 τοιαύ-

505 4334 560 4394 της
583 4312 681 4394 οὔσης
703 4318 758 4395 τῆς
780 4312 986 4395 ὑπαρχούσης
1009 4312 1204 4394 ύπόλήφειος
1226 4314 1298 4394 περὶ
1320 4314 1481 4395 ἐκατέρου.
1506 4313 1557 4377 01.
1578 4314 1625 4376 18.
1642 4314 1661 4394 5
1680 4316 1731 4376 34.

505 4401 550 4482 μὴ
575 4402 612 4483 (1.
639 4400 684 4484 μὴ
714 4402 769 4481 οὐ)
801 4403 1076 4484 κατηγορήσαντος
1107 4402 1258 4484 Αἰσχίνου
1289 4402 1392 4485 μηδὲν
1423 4404 1487 4476 ἔξω
1518 4409 1573 4485 τῆς
1606 4409 1732 4485 γραφῆς

506 4490 576 4553 οὐδ’
609 4492 648 4552 δν
680 4490 744 4572 ἐγὼ
781 4489 876 4572 λόγον
913 4490 1028 4554 οὐδένα
1062 4491 1246 4574 ἐποιούμην.
1285 4490 1336 4555 Or.
1363 4493 1411 4555 19.
1445 4494 1464 4573 ξ
1496 4493 1566 4555 123.
1599 4492 1638 4555 ού
1670 4492 1732 4574 γὰρ

506 4578 580 4661 ἐνῆν
601 4579 647 4661 μὴ
671 4580 730 4662 (μὴ
756 4580 827 4654 ow)
850 4581 1165 4662 παρακρουσθέντων
1187 4582 1282 4662 ὑμῶν
1304 4586 1406 4662 μεῖναι
1434 4580 1589 4663 Φιλίππῳ.
1612 4581 1730 4645 Herod.

507 4667 536 4745 6,
561 4669 589 4731 9.
617 4669 871 4751 καταρρώδησαν
897 4669 943 4752 μὴ
972 4671 1011 4733 ού
1041 4669 1167 4732 δυνατοὶ
1190 4671 1339 4750 γένωνται
1361 4671 1596 4753 ὑπερβαλέσθαι
1619 4707 1661 4716 -
1684 4670 1730 4753 μὴ

507 4758 567 4821 οὐκ
592 4757 694 4827 ἐόντες
716 4759 938 4841 ναυκράτορες.
973 4760 1001 4841 6,
1027 4759 1099 4822 100.
1132 4760 1192 4822 οὐκ
1225 4760 1442 4832 ἐξελεύσεσθαι
1473 4762 1596 4842 ἔφασαν
1622 4759 1667 4843 μὴ
1692 4760 1730 4823 ού
