3984 5850
495 691 564 757 460·
926 789 928 796 Ι
1018 711 1199 757 mmmm

493 870 569 940 θείς.
594 869 677 934 Xon.
702 868 775 951 Cyr.
799 870 838 932 V.
865 871 891 932 1.
911 871 960 933 18.
984 870 1126 952 ἡλίσκετο
1149 871 1251 951 ἔρωτι.
1275 868 1331 931 Vl.
1354 871 1380 931 1.
1398 870 1448 931 31.
1472 869 1612 952 ληφθεὶς
1637 871 1738 952 ἔρωτι

494 966 548 1042 τῆς
573 958 729 1042 γυναικός.
753 957 882 1022 Lucian.
906 957 944 1021 D.
967 957 1007 1024 D.
1031 959 1108 1022 Mar.
1134 961 1162 1040 7,
1188 960 1214 1022 1.
1239 957 1336 1028 ἁλοὺς
1359 959 1452 1040 ἔρωτι
1474 959 1505 1040 Ιὸ
1528 957 1636 1037 Ζεύς).

583 1049 657 1113 452.
682 1049 821 1131 ὀφθήσει
844 1047 960 1132 κακός]
990 1048 1036 1112 01.
1061 1047 1149 1111 0.R.
1174 1049 1246 1111 509.
1280 1046 1383 1129 σοφὸς
1405 1049 1517 1130 ὤφθη.
1552 1049 1630 1111 Ant
1659 1050 1737 1111 709.

494 1139 657 1222 ὤφθησαν
680 1139 773 1202 κενοί
796 1137 961 1202 Theodect.
986 1139 1015 1211 8,
1039 1139 1067 1200 8.
1092 1136 1245 1219 ὀφθέντες
1267 1138 1371 1200 κακοί

583 1230 657 1291 454.
680 1227 744 1310 κὴρ
769 1263 810 1272 -
835 1227 873 1291 οὔ
897 1225 995 1310 καλή]
1029 1226 1075 1290 01.
1105 1227 1217 1290 Aesoh.
1243 1228 1301 1309 Ag.
1327 1227 1400 1289 206.
1432 1227 1545 1309 βαρεῖα
1573 1227 1638 1307 μὲν
1667 1228 1738 1310 κὴρ

494 1316 529 1380 τὸ
552 1317 598 1400 μὴ
622 1317 783 1380 πιθέσθαι.

584 1406 658 1468 458.
682 1405 727 1468 01.
751 1405 826 1468 Eur.
851 1403 932 1468 Med.
957 1406 1051 1468 1224.
1075 1404 1145 1468 οὐδ’
1169 1406 1209 1466 ἂν
1231 1405 1341 1485 τρέσας
1364 1407 1481 1486 εἴποιμι
1504 1404 1579 1474 τοὺς
1602 1407 1738 1488 σοφοὺς

494 1498 621 1578 βροτῶν
645 1531 685 1542 -
710 1496 869 1565 τούτους
891 1495 1039 1577 μεγίστην
1061 1495 1189 1577 μωρίαν
1211 1494 1419 1576 ὀφλισκάνειν.

584 1585 657 1648 460.
681 1584 824 1654 πλείστας
847 1585 928 1666 ἀνὴρ
952 1583 994 1653 είς
1012 1583 1070 1667 -Ι
1095 1582 1140 1647 01.
1167 1583 1244 1646 Eur.
1268 1582 1343 1647 Her.
1360 1585 1389 1646 8.
1412 1583 1524 1647 πόνων
1543 1583 1549 1666 Ι
1569 1585 1738 1648 πλείστων

494 1673 662 1757 μετασχὼν
695 1673 737 1743 εἷς
769 1673 850 1756 ἀνὴρ
879 1671 1053 1756 Ἡρακλέει.
1092 1670 1144 1736 01.
1171 1673 1243 1735 743.
1275 1672 1392 1736 Herod.
1417 1672 1471 1735 VI.
1496 1675 1570 1745 127.
1606 1676 1645 1744 ὃς
1682 1676 1737 1737 ἐπὶ

494 1765 636 1828 πλεῖστον
660 1763 699 1844 6η
724 1762 832 1845 χλιδῆς
848 1761 891 1833 εἷς
906 1761 988 1845 ἀνὴρ
1004 1763 1141 1825 ἀπίκετο.
1176 1759 1331 1825 0011311115
1345 1762 1488 1833 πλείστας
1505 1762 1554 1844 6η.
1588 1761 1636 1825 01.
1653 1765 1737 1826 464.

495 1854 544 1936 Aj.
570 1854 642 1915 994.
667 1851 741 1915 Eur.
758 1852 828 1916 Hel.
847 1853 919 1915 563.
939 1851 1049 1934 Ἑλένη
1073 1851 1101 1914 σ’
1125 1852 1240 1934 ὁμοίαν
1264 1851 1302 1933 δὴ
1326 1852 1448 1933 μάλιστ’
1474 1850 1568 1924 εἶδον,
1592 1853 1704 1934 γύναι.

585 1944 658 2006 462.
683 1941 753 2004 οὐδ’
777 1944 816 2005 ἂν
840 1941 912 2024 ἥδε]
946 1939 993 2004 Sc.
1018 1941 1186 2022 ἐνέγκαιτε.
1226 1939 1270 2004 01.
1294 1941 1333 2002 ad
1350 1939 1406 2004 Ph.
1425 1942 1496 2004 948.
1565 1944 1735 2026 ἐντακείηΙ

496 2031 541 2096 01.
565 2031 612 2094 ΕΙ.
639 2032 732 2094 1311.
764 2031 857 2112 μῖσός
888 2055 920 2094 τε
952 2031 1013 2111 γὰρ
1045 2029 1180 2093 παλαιὸν
1203 2029 1344 2112 ἐντέτηκέ
1365 2054 1429 2112 μοι.
1460 2031 1600 2114 Alciphr.
1625 2030 1650 2093 l.
1684 2034 1736 2094 13.

496 2123 579 2202 ἔρως
602 2121 758 2203 ἐνέσκηψε
780 2120 834 2183 καὶ
857 2120 992 2190 ἐντακεὶς
1016 2120 1144 2202 ἀνίησιν.

585 2211 657 2273 463.
682 2210 820 2292 ἐκτακείη
838 2206 897 2291 -Ι
921 2207 966 2272 01.
983 2208 1030 2272 El.
1050 2209 1144 2272 1311.
1169 2208 1262 2291 μῖσός
1285 2232 1316 2271 τε
1340 2208 1402 2290 γὰρ
1423 2206 1558 2271 παλαιὸν
1582 2209 1737 2292 ἐντέτηκε

522 2323 559 2364 οι.
585 2299 633 2362 Fr.
659 2300 732 2380 678,
757 2297 830 2361 7D.

494 2325 519 2382 μ
586 2389 660 2452 464.
685 2389 724 2471 δὴ
748 2387 897 2470 μάλιστα]
926 2387 946 2450 l.
971 2407 996 2450 ο.
1020 2387 1153 2468 μάλιστα
1178 2387 1227 2470 δή.
1266 2387 1311 2450 01.
1336 2386 1375 2450 ad
1399 2387 1473 2449 460.

585 2478 658 2540 465.
682 2478 716 2541 τὸ
740 2478 855 2547 κάλλος
878 2478 974 2559 αὐτῆς
997 2476 1052 2539 τὸν
1074 2477 1144 2558 βίον
1166 2475 1311 2558 διώλεσε]
1336 2473 1379 2538 01.
1397 2477 1448 2538 25.
1468 2475 1544 2539 Eur.
1561 2475 1634 2540 Hel.
1653 2479 1735 2542 304.

496 2569 528 2631 αἱ
555 2568 614 2649 μὲν
643 2567 702 2648 γὰρ
726 2567 815 2630 ἄλλαι
845 2566 895 2629 διὰ
918 2566 954 2629 τὸ
977 2566 1093 2634 κάλλος
1116 2567 1254 2647 εὐτυχεῖς
1274 2566 1278 2648 Ι
1298 2571 1456 2646 γυναῖκες,
1485 2566 1571 2647 ἡμᾶς
1593 2565 1625 2628 δ’
1648 2569 1734 2630 αὐτὸ

495 2660 577 2720 τοῦτ’
602 2657 772 2719 ἀπώλεσεν.
795 2655 883 2738 Trag.
901 2655 1005 2738 adesp.
1025 2656 1096 2717 141.
1120 2656 1180 2717 εἴθ’
1204 2654 1328 2736 ὤφελεν
1350 2654 1386 2716 τὸ
1408 2654 1524 2724 κάλλος
1546 2655 1627 2736 ὅμε
1650 2657 1733 2721 dms.

497 2747 566 2809 λεσε
587 2747 590 2824 Ι
611 2751 722 2814 κακῶς
745 2745 882 2808 ὀλέσθαι.

586 2835 660 2896 468.
688 2833 756 2897 κατ’
774 2833 882 2916 οὗρονΙ
906 2833 949 2896 01.
961 2834 1074 2897 Aesch.
1085 2832 1168 2916 Sept.
1181 2834 1253 2896 690.
1265 2835 1338 2896 854.
1353 2832 1438 2897 Pers.
1449 2834 1523 2896 481.
1540 2833 1641 2896 Andr.
1652 2838 1731 2898 554.

585 2923 659 2987 470.
684 2921 729 2985 01.
748 2923 794 2986 El.
812 2926 884 2987 383.
909 2923 990 3005 πρὸς
1014 2930 1108 2987 ταῦτα
1133 2924 1274 3006 φράζου,
1298 2926 1354 2987 καί
1373 2923 1404 3005 (l.
1420 2923 1494 3001 κοῦ)
1515 2948 1557 3006 με
1578 2926 1626 3007 μή
1646 2927 1733 2988 ποθ’

497 3015 626 3096 ὕστερον
647 3013 651 3095 Ι
671 3014 823 3076 παθοῦσα
847 3015 974 3096 μέμψῃ·
1003 3019 1060 3076 νῦν
1084 3013 1144 3095 γὰρ
1168 3014 1201 3077 ἐν
1224 3014 1316 3094 καλῷ
1337 3019 1476 3095 φρονεῖν.
1509 3014 1601 3076 1207.
1625 3017 1734 3079 πιθοῦ

496 3104 614 3185 λέγοντι
637 3104 719 3185 κούχ
743 3104 914 3185 ἁμαρτήσει
937 3104 1021 3165 ποτέ.

586 3194 659 3255 473.
683 3193 804 3275 θνητὴν
831 3199 1017 3275 φρονοῦσαν
1044 3192 1162 3276 θνητὰ]
1196 3191 1433 3255 0111111410.
1458 3192 1532 3255 802.
1565 3193 1659 3261 ὄντας
1696 3195 1733 3256 d&

497 3281 635 3365 θνητοὺς
657 3282 758 3365 θνητὰ
781 3282 836 3345 καλ
858 3288 988 3365 φρονεῖν
1011 3283 1125 3364 χρεών.
1149 3280 1243 3364 Soph.
1266 3282 1314 3344 Fr.
1340 3280 1412 3343 515.

586 3372 659 3434 474.
683 3372 867 3455 κρύφομαι]
893 3372 939 3435 01.
950 3373 999 3453 Aj.
1011 3370 1084 3433 647.
1108 3372 1224 3453 χρόνος
1241 3408 1281 3415 -
1298 3372 1436 3453 φανέντα
1459 3371 1635 3453 κρύπτεται.
1652 3374 1731 3434 245.

586 3462 659 3523 477.
684 3462 728 3523 01.
757 3463 806 3543 Aj.
836 3462 907 3523 999.
946 3460 1032 3533 ὀξεῖα
1070 3462 1130 3541 γάρ
1167 3484 1226 3523 σου
1262 3460 1353 3542 βάξις
1376 3497 1418 3506 -
1443 3459 1547 3542 &tw
1580 3460 1732 3542 Ἀχαιοὺς

496 3550 623 3619 πάντας.
693 3550 817 3633 διῆλθε]
852 3550 895 3613 01.
923 3550 994 3611 717.
1028 3549 1084 3611 Ph.
1111 3551 1181 3612 743.
1215 3549 1290 3612 Eur.
1314 3549 1422 3632 Suppl.
1447 3550 1521 3611 288.
1553 3550 1638 3631 κάμὲ
1666 3551 1731 3631 γὰρ

499 3640 610 3722 διῆλθέ
632 3664 667 3701 τι.
1332 3672 1336 3682 ·

587 3730 660 3791 483.
686 3730 837 3811 ἥμαρτον,
867 3730 898 3791 εἴ
920 3752 946 3790 τι
969 3728 1056 3810 τήνδ’
1080 3729 1235 3810 ἁμαρτίαν
1262 3727 1381 3810 νέμεις]
1410 3726 1454 3791 01.
1482 3728 1597 3791 Aeseh.
1622 3726 1730 3791 Prom.

500 3819 572 3881 978.
605 3817 728 3900 νοσοῖμ’
761 3820 809 3891 ἂν,
843 3820 871 3880 εἰ
900 3818 1026 3900 νόσημα
1061 3818 1133 3887 τοὺς
1169 3818 1309 3899 ἐχθροὺς
1346 3823 1473 3899 στυγεῖν.
1555 3817 1642 3899 τήνδ’
1668 3819 1729 3900 -Ι

499 3909 543 3970 01.
567 3908 617 3988 Aj.
645 3908 715 3969 114.
755 3908 861 3989 ἐπειδὴ
890 3910 999 3989 τέρψις
1027 3908 1085 3989 ἥδε
1117 3932 1166 3969 σοι
1197 3907 1232 3969 τὸ
1266 3908 1353 3989 ὁρᾶν.
1389 3906 1446 3969 Ρ11.
1471 3906 1521 3968 61.
1554 3908 1628 3970 Ant.
1653 3908 1729 3969 320.

498 3996 573 4059 Eur.
598 3994 679 4059 Med.
707 3998 756 4057 14.
780 3999 861 4079 ἥπερ
884 3998 1011 4078 μεγίστη
1037 3998 1168 4078 γίγνεται
1192 3998 1340 4078 σωτηρία.
1373 3995 1461 4077 Cycl.
1486 3996 1558 4057 646.
1591 3994 1658 4077 ὁτιὴ
1686 4034 1728 4042 -

497 4084 571 4154 τοὺς
603 4085 735 4155 ὀδόντας
771 4087 913 4169 ἐκβαλεῖν
948 4088 986 4149 οὐ
1019 4087 1174 4167 βούλομαι
1201 4085 1205 4167 Ι
1230 4085 1436 4166 τυπτόμενος,
1468 4085 1560 4166 αὕτη
1594 4086 1728 4165 γίγνεται

499 4198 655 4257 σωτηρια,·

587 4266 659 4327 484.
684 4265 752 4326 ἐπεί
773 4288 806 4345 γε
829 4264 888 4345 μὲν
913 4265 951 4347 δὴ
978 4264 1036 4347 -Ι
1061 4264 1106 4326 01.
1131 4268 1205 4328 Ant.
1231 4266 1303 4327 923.
1328 4266 1396 4327 ἐπεί
1417 4287 1452 4344 γε
1475 4262 1514 4346 δὴ
1536 4263 1540 4345 Ι
1560 4262 1617 4345 τὴν
1640 4263 1728 4327 εὗσέ-

497 4355 585 4435 βειαν
611 4352 797 4436 ὃνσσεβοῦσ’
821 4354 1009 4437 ἐκτησάμην.
1101 4378 1134 4436 γε
1161 4354 1221 4436 μὲν
1250 4352 1306 4436 ὅὴΙ
1336 4352 1382 4415 01.
1405 4353 1453 4415 ΕΙ.
1481 4354 1574 4415 1244.
1602 4353 1663 4435 ὅρα
1693 4378 1728 4434 γε

496 4442 556 4524 μὲν
581 4443 629 4525 δή.
655 4443 768 4506 Aesch.
780 4441 888 4527 Suppl.
900 4445 972 4507 273.
996 4445 1125 4525 μακράν
1149 4468 1183 4525 γε
1198 4443 1257 4526 μὲν
1274 4443 1312 4525 δὴ
1330 4444 1421 4524 ῥῆσιν
1441 4442 1480 4505 οὗ
1496 4443 1613 4523 στέρνα
1628 4442 1727 4511 πόλις.

500 4531 573 4595 Eur.
598 4532 668 4595 Hel.
689 4533 783 4595 1259.
851 4532 941 4595 πάντ’
966 4534 1124 4596 ἐπίστασαι
1147 4531 1254 4616 λόγον]
1279 4532 1324 4595 01.
1341 4532 1396 4594 Ph.
1416 4532 1510 4594 1240.
1534 4530 1569 4593 εὖ
1587 4554 1645 4594 νυν
1659 4532 1725 4593 ἐπί-

498 4644 562 4685 στω
585 4622 674 4684 πάντ’
699 4621 852 4703 ἀκηκοὼς
876 4622 978 4703 λόγον.
1005 4623 1076 4684 389.
1101 4623 1150 4703 Aj.
1166 4624 1241 4685 480.
1265 4622 1378 4686 Aesoh.
1403 4621 1515 4703 Agam.
1540 4622 1612 4683 582.
1636 4620 1727 4683 πάντ’

500 4712 579 4792 ἔχεις
616 4712 719 4793 λόγον.
753 4711 828 4774 Eur.
858 4710 923 4794 Iph.
953 4712 990 4774 A.
1021 4714 1092 4774 785.
1125 4713 1215 4773 πάντ’
1239 4713 1326 4793 ἔχεις.
1359 4710 1478 4774 Phoen.
1504 4712 1576 4773 953.
1603 4710 1640 4771 τὰ
1666 4710 1726 4789 μὲν

498 4801 575 4882 παρ’
600 4802 694 4883 ἡμῶν
717 4801 807 4863 πάντ’
832 4802 919 4883 ἔχεις.
944 4799 996 4863 01.
1022 4803 1093 4864 749.
1116 4808 1209 4864 τοῦτο
1232 4800 1322 4864 πάντ’
1346 4802 1411 4884 ἔχω
1433 4801 1561 4882 μαθών.
