3984 5850
432 690 473 753 70
970 707 1118 753 mmmm

362 877 366 885 '
429 868 544 952 ἀρεστὴ
577 869 713 950 γίνηται,
746 872 803 933 ete.
852 866 992 931 offendit
1028 868 1163 931 aoristus
1195 865 1359 948 ἀρεσθείη,
1396 866 1456 929 hoc
1489 883 1554 928 uno
1587 864 1657 927 loco

429 964 594 1110 reper0081.
617 1045 830 1129 ἀφανδάνοντ’
853 1043 930 1128 ἔφυ]
960 1044 1005 1110 01.
1028 1045 1122 1109 Hom.
1147 1042 1204 1108 Od.
1231 1045 1280 1127 16,
1305 1047 1377 1108 387.
1402 1045 1430 1107 εἰ
1451 1044 1481 1107 δ’
1504 1043 1579 1125 ὐμῖν
1602 1043 1659 1106 ὅδε

429 1137 538 1220 μῦθος
561 1136 743 1219 ἀφανδάνει.
767 1134 884 1199 Herod.
908 1134 948 1198 Π.
974 1136 1046 1198 129.
1071 1134 1227 1197 ἁπαδέειν.
1252 1134 1346 1197 etad
1372 1132 1451 1196 Phil.
1478 1134 1572 1197 1052.

521 1224 594 1289 503.
618 1225 652 1289 ἒν
674 1226 767 1308 τάφῳ
790 1220 925 1311 τιθεῖσα]
954 1223 1000 1288 01.
1024 1222 1109 1288 0.(1.
1137 1224 1229 1287 1410.
1254 1222 1319 1286 ἀλλ’
1344 1223 1377 1286 έν
1404 1223 1530 1305 τάφοισι
1557 1222 1659 1286 θέσθε

431 1315 502 1398 (leg.
526 1315 560 1378 έν
582 1314 676 1397 τάφῳ
697 1314 844 1391 τίθεσθε).

521 1404 594 1467 504.
619 1400 663 1466 01.
688 1404 739 1466 89.
771 1402 838 1466 ἀλλ’
870 1400 931 1466 οὐδ’
963 1402 1132 1484 ἀρέοκουσ’
1165 1401 1211 1472 οίς
1242 1401 1372 1483 μάλισθ’
1405 1400 1492 1465 ἁδεῖν
1518 1424 1560 1483 με
1586 1401 1658 1483 χρή.

431 1496 481 1577 Aj.
508 1494 602 1556 1243.
626 1494 719 1557 εἴκειν
741 1494 761 1555 ἃ
785 1498 849 1563 τοῖς
871 1492 1031 1555 πολλοῖσιν
1059 1493 1192 1574 ἤρεσκεν
1214 1496 1340 1573 κριταῖς.
1369 1488 1443 1553 Eur.
1467 1489 1538 1553 Hel.
1566 1492 1658 1553 1003.

431 1583 478 1654 ὡς
501 1582 617 1646 ἅπασιν
638 1582 785 1664 ἁνδάνῃς.
808 1579 902 1645 Rhes.
929 1581 1000 1644 137.
1030 1580 1136 1663 ἐπειδὴ
1162 1585 1257 1644 πᾶσιν
1285 1580 1413 1643 ἁνδάνει
1434 1579 1516 1644 τάδε.
1541 1579 1658 1643 Herod.

431 1671 489 1735 111.
513 1672 565 1734 45.
588 1671 645 1734 καί
666 1694 722 1753 σφι
745 1671 832 1734 ἁδεῖν
854 1670 890 1734 τό
912 1671 1111 1753 προσωτέρω
1133 1671 1244 1753 μηκέτι
1267 1670 1392 1733 πλώειν.

523 1761 596 1824 505.
620 1762 650 1823 εί
668 1759 714 1843 μὴ
739 1761 886 1841 γλῶσσαν
909 1758 1058 1842 δγκλῄοαι
1081 1758 1201 1843 φόβος]
1230 1758 1274 1822 01.
1295 1759 1365 1823 180.
1389 1759 1471 1829 ὅστις
1489 1794 1528 1803 -
1546 1758 1581 1821 ἐκ
1597 1758 1659 1840 φό-

431 1852 493 1934 βου
516 1854 572 1913 τοῦ
596 1849 743 1933 γλῶσσαν
766 1849 921 1931 ἐγκλῄσας
944 1850 1015 1931 ἔχει.
1041 1848 1178 1931 Theogn.
1205 1850 1276 1911 178.
1301 1848 1428 1929 γλῶσσά
1452 1848 1482 1911 οἱ
1506 1846 1634 1911 δέδεται.

523 1938 596 2003 506.
621 1937 665 2002 01
689 1939 803 2003 Aesch.
827 1938 931 2002 Prom.
956 1939 1030 2001 232.
1058 1940 1153 2002 ἔνεστι
1182 1938 1242 2020 γάρ
1270 1960 1340 2008 πως
1367 1942 1458 2001 τοῦτο
1486 1944 1523 2019 τῆ
1546 1960 1659 2018 τυραν-

433 2029 494 2094 νίδι
513 2028 518 2111 Ι
538 2027 677 2111 νόσημα,
701 2033 764 2098 τοῖς
780 2027 894 2111 φίλοισι
909 2027 954 2110 μῆ
971 2028 1167 2092 πεποιθέναι.
1193 2029 1240 2109 Aj.
1259 2027 1352 2089 1350.
1421 2026 1521 2089 πολλά
1544 2026 1570 2088 τ’
1593 2025 1660 2089 ἁλλ’

434 2114 627 2203 εὐδαιμονεῖ]
665 2117 709 2181 01.
741 2116 817 2180 Eur.
851 2114 958 2200 Suppl.
988 2117 1061 2179 577.
1098 2116 1207 2198 τοιγὰρ
1244 2122 1387 2179 πονοῦσα
1432 2115 1533 2179 πολλὰ
1570 2115 1660 2178 πόλλ’

433 2208 615 2289 εὐδαιμονεῖ
637 2206 819 2288 (εὐδαίμονα
844 2206 950 2287 vulg.).
979 2206 1099 2271 Phoen.
1125 2208 1196 2269 549.
1220 2207 1249 2269 τί
1269 2205 1324 2288 τὴν
1346 2204 1512 2287 τυραννίδ’,
1536 2205 1661 2268 ἀδικίαν

433 2297 621 2379 εὐδαίμονα,
642 2296 647 2377 ]
666 2303 758 2378 τιμᾷς
780 2296 940 2377 ὐπέρφευ,·
979 2292 1082 2359 801101.
1116 2296 1176 2358 οὐκ
1208 2297 1242 2359 έν
1269 2295 1388 2377 ἐπαίνῳ
1415 2300 1508 2357 τοῦτο
1531 2300 1585 2376 τῆς
1608 2318 1659 2357 τυ-

434 2386 594 2469 ραννίδος,
618 2384 685 2448 ἀλλ’
709 2387 772 2468 ἔχει
794 2409 821 2448 τι
844 2385 1005 2467 εἰρωνείας
1028 2385 1047 2448 ό
1070 2384 1172 2465 λόγος.

524 2476 597 2540 509.
621 2474 783 2538 ὐπίλλουαι
806 2473 923 2557 στόμα]
954 2473 997 2538 01.
1022 2474 1097 2537 Eur.
1120 2473 1192 2537 Hel.
1217 2476 1290 2537 445.
1319 2474 1364 2556 μὴ
1389 2473 1536 2555 πρόσιλλε
1563 2479 1661 2555 χεῖρα.

433 2564 484 2628 Fr.
509 2564 582 2628 540.
606 2563 707 2647 οὐρὰν
732 2601 772 2609 -
796 2564 921 2627 ὐπίλασ’
944 2562 1010 2627 ὑπὸ
1033 2562 1223 2627 λεοντόπουν
1245 2563 1344 2645 βάσιν.
1369 2562 1442 2643 Lys.
1466 2583 1494 2646 p.
1522 2564 1593 2644 117,
1611 2564 1660 2625 37.

434 2654 587 2718 ἁπείλλειν
608 2659 647 2735 τῇ
669 2653 765 2734 θύρη,
805 2652 947 2717 Verbum
972 2654 1149 2734 antiquum.

524 2744 597 2806 513.
621 2743 657 2805 ἐκ
680 2741 771 2826 μιᾶς]
805 2742 852 2806 80.
884 2743 1013 2824 μητρός.
1053 2740 1096 2804 01.
1124 2740 1200 2805 Eur.
1228 2739 1295 2826 Iph.
1318 2741 1350 2804 T.
1375 2740 1448 2805 800.
1482 2739 1510 2805 ὦ
1543 2764 1661 2823 συγκο-

434 2834 560 2915 οιγνῆτη
593 2856 624 2895 τε
656 2832 720 2897 κάκ
751 2832 866 2895 ταύτοῦ
898 2832 1025 2913 πατρός.
1058 2832 1155 2895 Arist
1181 2832 1257 2895 Aah.
1284 2831 1355 2894 790.
1388 2831 1568 2913 ὁμοματρία
1601 2830 1663 2913 γάρ

434 2923 495 2987 ἐστι
519 2923 582 3006 κήκ
605 2922 727 2986 τωύτού
751 2920 878 3005 πατρός.

525 3013 597 3075 514.
623 3011 761 3094 δυσσεβῆ
792 3018 884 3094 τιμᾷς
915 3009 1019 3094 χάριν]
1053 3010 1097 3074 01.
1127 3010 1165 3073 ad
1195 3012 1243 3093 Aj.
1269 3011 1342 3074 687.
1374 3010 1468 3074 ταύτὰ
1501 3009 1576 3093 τῇδέ
1605 3033 1663 3092 μοι

434 3102 508 3165 τάδε
528 3100 532 3185 Ι
552 3106 665 3183 τιμᾶτε.
698 3100 790 3164 Pind.
814 3100 848 3164 P.
873 3101 928 3164 IV.
952 3101 1025 3164 481.
1058 3098 1166 3164 Παιάν
1190 3123 1239 3164 σοι
1262 3107 1335 3182 τιμᾷ
1358 3101 1450 3182 φάος.
1489 3099 1551 3164 Sed
1580 3100 1663 3181 latet,

435 3191 560 3274 opinor,
584 3190 770 3272 corruptela.
809 3189 871 3253 Pro
894 3194 987 3271 τιμᾷς
1011 3189 1232 3271 corrigendum
1257 3191 1364 3252 forsan
1386 3189 1483 3260 τίνεις.

526 3280 600 3342 515.
624 3279 642 3342 ὁ
665 3279 839 3342 κατθανὼν
861 3279 970 3360 νέκυς]
995 3279 1040 3344 01.
1065 3279 1116 3341 26.

526 3368 599 3430 516.
623 3369 655 3431 εἴ
671 3390 718 3430 τοι
742 3367 799 3450 -l
834 3367 952 3451 Supple
983 3369 1185 3451 μαρτυρήσει.
1226 3368 1270 3431 01.
1295 3368 1343 3450 Aj.
1370 3369 1463 3431 1131.
1496 3367 1573 3430 ΜΕ.
1597 3368 1663 3449 ἐγὼ

436 3455 497 3540 γὰρ
520 3459 560 3520 ἂν
582 3457 714 3539 φίξαιμι
738 3457 902 3540 δαιμόνων
925 3457 1087 3540 νόμσυς;]
1114 3455 1175 3520 ΤΕ.
1200 3459 1228 3520 εί
1248 3456 1322 3527 τούς
1346 3457 1504 3528 θανόντος
1527 3459 1579 3540 (γ’)
1603 3458 1663 3521 οὐκ

435 3547 490 3629 ἐᾷς
512 3545 644 3610 θάπτειν
666 3546 782 3629 παρών
805 3546 927 3630 (supple
949 3547 1074 3628 φέξεις).

526 3637 599 3699 517.
622 3636 661 3699 οὐ
685 3637 746 3718 γάρ
768 3660 796 3698 τι
820 3633 950 3718 δοῦλος]
979 3635 1025 3700 01.
1050 3637 1123 3698 456.
1148 3636 1186 3699 οὐ
1211 3636 1271 3716 γάρ
1293 3660 1320 3698 τι
1342 3641 1400 3698 νῦν
1421 3659 1453 3698 τε
1476 3636 1597 3718 κάχθὲς
1621 3673 1662 3682 --

437 3728 476 3808 ζῆ
499 3729 603 3789 ταῦτα.
636 3723 712 3789 Eur.
736 3725 804 3788 Alc.
828 3727 902 3788 417.
939 3725 977 3788 οὐ
1011 3725 1071 3806 γάρ
1103 3749 1130 3788 τι
1157 3731 1286 3807 πρῶτος
1310 3761 1350 3770 -—
1376 3725 1525 3806 γυναικὸς
1548 3726 1664 3808 ἐσθλῆς

436 3815 609 3898 ῆμιτλακες.
633 3813 727 3899 Soph.
743 3815 790 3877 Tr.
808 3817 882 3878 483.
906 3816 1057 3897 ἥμαρτον,
1082 3816 1156 3877 εἴτι
1180 3822 1238 3878 ote.
1307 3813 1461 3899 ἀδελφὸς]
1485 3815 1663 3897 Polynices

526 3905 599 3967 519.
624 3902 669 3967 cf.
692 3905 741 3969 Fr.
768 3904 841 3983 777,
864 3907 893 3966 2.
916 3902 990 3973 τούς
1007 3903 1116 3967 Ἅιδου
1139 3903 1267 3986 νόμους.

526 3994 599 4057 520.
624 3992 669 4057 01.
693 3994 767 4057 836.
790 4000 854 4064 τοῖς
876 3992 1015 4062 ἰσοθέοις
1038 3993 1201 4075 σύγκληρα
1224 3994 1336 4076 λαχεῖν.

526 4084 600 4146 521.
624 4083 739 4166 εὐαγῆ]
774 4082 819 4146 01.
844 4080 932 4145 0.R.
958 4081 1030 4144 921.
1054 4082 1142 4145 λύσιν
1165 4119 1207 4128 -
1232 4084 1338 4166 εὐαγῆ.
1368 4083 1446 4146 Ρ101.
1470 4081 1564 4166 Legg.
1590 4080 1664 4145 XII.

437 4173 501 4235 956
518 4174 556 4234 A.
593 4172 709 4254 ἐλέφας
737 4209 778 4216 -
807 4171 868 4234 οὐκ
905 4170 1016 4252 εὐαγὲς
1052 4170 1131 4254 (010.
1169 4172 1334 4252 ι0001000)
1372 4173 1534 4254 ἀνάθημα.
1573 4170 1664 4236 Dem.

437 4280 464 4343 p.
484 4262 556 4343 122,
576 4261 625 4323 16.
649 4260 759 4341 εὐαγές
782 4259 822 4342 ἦν
844 4266 955 4323 τοῦτον
974 4260 1163 4324 ἀποκτεῖναι.
1188 4262 1266 4325 Plat.
1284 4261 1382 4344 Epist.
1400 4264 1463 4324 312
1475 4264 1513 4323 A.
1536 4260 1663 4326 Theocr.

437 4350 489 4432 26,
514 4351 564 4412 30.
589 4349 711 4414 callim.
728 4349 795 4414 Del.
813 4351 863 4412 98.
887 4350 1030 4431 εὐαγέων
1054 4351 1088 4414 δὲ
1111 4351 1165 4414 καί
1188 4352 1348 4432 εὐαγέεοσι
1370 4351 1532 4434 μελοίμην.
1562 4349 1664 4414 80001.

436 4439 559 4523 εὐσεβῆ.

526 4529 598 4592 522.
623 4527 742 4592 Similis
765 4529 922 4592 sententia
945 4534 992 4592 est
1016 4529 1178 4610 1111372.

527 4618 599 4681 523.
624 4617 669 4681 01.
694 4619 742 4700 Aj.
763 4619 855 4681 1317.
880 4619 909 4681 εἰ
928 4617 973 4700 μὴ
999 4618 1154 4698 ξυνάψων
1177 4617 1254 4680 ἀλλὰ
1279 4619 1442 4684 συλλύοων
1465 4620 1566 4700 πάρει.
1590 4617 1664 4682 Eur.

436 4706 505 4788 Iph.
530 4708 566 4769 A.
590 4707 664 4770 409.
698 4713 937 4789 συσσωφρονεῖν
969 4705 1044 4788 γὰρ,
1078 4707 1148 4789 οὐχί
1176 4715 1345 4781 συννοσεῖν,
1375 4709 1463 4790 ἔφυν.
1496 4707 1543 4771 ΕΙ.
1570 4710 1664 4773 1102.

437 4793 559 4870 (ὐπαῖ,
582 4797 730 4879 πέφυκας
752 4797 871 4878 πατέρα
895 4795 952 4859 σὸν
975 4797 1111 4878 στέργειν
1135 4797 1189 4861 ἀεί.
1214 4797 1295 4862 Phil.
1321 4800 1370 4862 79.
1395 4801 1446 4862 88.
1469 4797 1517 4862 Tr.
1541 4799 1614 4863 440.
