<?xml version="1.0" encoding="UTF-8"?>
<!DOCTYPE html PUBLIC "-//W3C//DTD XHTML 1.0 Transitional//EN"
    "http://www.w3.org/TR/xhtml1/DTD/xhtml1-transitional.dtd">
<html xmlns="http://www.w3.org/1999/xhtml" xml:lang="en" lang="en">
 <head>
  <title>
</title>
<meta http-equiv="Content-Type" content="text/html;charset=utf-8" />
  <meta name='ocr-system' content='tesseract 3.04.00' />
  <meta name='ocr-capabilities' content='ocr_page ocr_carea ocr_par ocr_line ocrx_word'/>
</head>
<body>
  <div class='ocr_page' id='page_1' title='image "./spicilegiumsoph00blaygoog_0151.png"; bbox 0 0 3984 5850; ppageno 0'>
   <div class='ocr_carea' id='block_1_1' title="bbox 871 711 1550 778">
    <p class='ocr_par' dir='ltr' id='par_1_1' title="bbox 871 711 1550 778">
     <span class='ocr_line' id='line_1_1' title="bbox 871 711 1550 778; baseline -0.007 0"><span class='ocrx_word' id='word_1_1' title='bbox 871 732 1004 778; x_wconf 72' lang='grc' dir='ltr'><strong><em>εειιστιιι</em></strong></span> <span class='ocrx_word' id='word_1_2' title='bbox 1488 711 1550 775; x_wconf 91' lang='grc'><strong><em>141</em></strong></span> 
     </span>
    </p>
   </div>
   <div class='ocr_carea' id='block_1_2' title="bbox 323 890 1554 2760">
    <p class='ocr_par' dir='ltr' id='par_1_2' title="bbox 330 890 1552 975">
     <span class='ocr_line' id='line_1_2' title="bbox 330 890 1552 975; baseline -0.004 -19"><span class='ocrx_word' id='word_1_3' title='bbox 330 934 332 938; x_wconf 93' lang='grc'>-</span> <span class='ocrx_word' id='word_1_4' title='bbox 414 894 487 956; x_wconf 89' lang='grc'><strong>445.</strong></span> <span class='ocrx_word' id='word_1_5' title='bbox 511 890 740 975; x_wconf 77' lang='grc' dir='ltr'><strong><em>ἐμασχαλίσθη]</em></strong></span> <span class='ocrx_word' id='word_1_6' title='bbox 766 890 808 954; x_wconf 87' lang='grc'><strong><em>61.</em></strong></span> <span class='ocrx_word' id='word_1_7' title='bbox 832 890 879 953; x_wconf 87' lang='lat' dir='ltr'><strong><em>Fr.</em></strong></span> <span class='ocrx_word' id='word_1_8' title='bbox 898 893 969 953; x_wconf 87' lang='grc'><strong>566.</strong></span> <span class='ocrx_word' id='word_1_9' title='bbox 993 891 1098 973; x_wconf 83' lang='grc' dir='ltr'><em>πλήρη</em></span> <span class='ocrx_word' id='word_1_10' title='bbox 1122 891 1399 973; x_wconf 87' lang='grc' dir='ltr'><strong><em>μασχαλισμάτων.</em></strong></span> <span class='ocrx_word' id='word_1_11' title='bbox 1467 891 1552 970; x_wconf 81' lang='grc' dir='ltr'><strong><em>κάρᾳ</em></strong></span> 
     </span>
    </p>

    <p class='ocr_par' dir='ltr' id='par_1_3' title="bbox 325 979 1551 1066">
     <span class='ocr_line' id='line_1_3' title="bbox 325 979 1551 1066; baseline -0.003 -21"><span class='ocrx_word' id='word_1_12' title='bbox 325 1019 368 1028; x_wconf 96' lang='grc'>-</span> <span class='ocrx_word' id='word_1_13' title='bbox 391 982 553 1066; x_wconf 77' lang='grc' dir='ltr'><strong><em>ἐξέμαξεν]</em></strong></span> <span class='ocrx_word' id='word_1_14' title='bbox 578 979 621 1044; x_wconf 87' lang='grc'><strong><em>61.</em></strong></span> <span class='ocrx_word' id='word_1_15' title='bbox 645 981 738 1045; x_wconf 83' lang='grc' dir='ltr'><strong><em>Ηοιιι.</em></strong></span> <span class='ocrx_word' id='word_1_16' title='bbox 763 980 820 1043; x_wconf 85' lang='grc'><strong><em>06.</em></strong></span> <span class='ocrx_word' id='word_1_17' title='bbox 847 982 896 1063; x_wconf 75' lang='grc'><strong>19,</strong></span> <span class='ocrx_word' id='word_1_18' title='bbox 921 982 971 1044; x_wconf 99' lang='grc'><strong><em>92.</em></strong></span> <span class='ocrx_word' id='word_1_19' title='bbox 1001 982 1067 1044; x_wconf 81' lang='grc' dir='ltr'><strong><em>οὔτι</em></strong></span> <span class='ocrx_word' id='word_1_20' title='bbox 1093 1004 1135 1062; x_wconf 89' lang='grc' dir='ltr'><strong><em>με</em></strong></span> <span class='ocrx_word' id='word_1_21' title='bbox 1157 980 1265 1061; x_wconf 86' lang='grc' dir='ltr'><strong><em>λήθεις</em></strong></span> <span class='ocrx_word' id='word_1_22' title='bbox 1285 980 1289 1061; x_wconf 92' lang='grc' dir='ltr'>Ι</span> <span class='ocrx_word' id='word_1_23' title='bbox 1309 980 1447 1061; x_wconf 76' lang='grc' dir='ltr'><strong><em>ἔρδουσα</em></strong></span> <span class='ocrx_word' id='word_1_24' title='bbox 1469 980 1551 1061; x_wconf 75' lang='grc' dir='ltr'><strong><em>μέγα</em></strong></span> 
     </span>
    </p>

    <p class='ocr_par' dir='ltr' id='par_1_4' title="bbox 325 1068 1551 1243">
     <span class='ocr_line' id='line_1_4' title="bbox 325 1068 1551 1154; baseline -0.005 -19"><span class='ocrx_word' id='word_1_25' title='bbox 325 1074 429 1154; x_wconf 79' lang='grc' dir='ltr'><strong><em>ἔργον,</em></strong></span> <span class='ocrx_word' id='word_1_26' title='bbox 452 1073 471 1134; x_wconf 88' lang='grc' dir='ltr'><strong><em>δ</em></strong></span> <span class='ocrx_word' id='word_1_27' title='bbox 494 1078 534 1154; x_wconf 79' lang='grc' dir='ltr'><strong><em>σῇ</em></strong></span> <span class='ocrx_word' id='word_1_28' title='bbox 557 1071 682 1153; x_wconf 79' lang='grc' dir='ltr'><strong><em>κεφαλῇ</em></strong></span> <span class='ocrx_word' id='word_1_29' title='bbox 705 1070 884 1151; x_wconf 82' lang='grc' dir='ltr'><strong><em>ἀναμάξεις.</em></strong></span> <span class='ocrx_word' id='word_1_30' title='bbox 907 1069 1026 1133; x_wconf 83' lang='lat' dir='ltr'>Herod.</span> <span class='ocrx_word' id='word_1_31' title='bbox 1045 1070 1069 1133; x_wconf 92' lang='grc' dir='ltr'><strong><em>Ι.</em></strong></span> <span class='ocrx_word' id='word_1_32' title='bbox 1089 1070 1160 1131; x_wconf 90' lang='grc'><strong>155.</strong></span> <span class='ocrx_word' id='word_1_33' title='bbox 1178 1071 1205 1131; x_wconf 89' lang='lat'><strong><em>3.</em></strong></span> <span class='ocrx_word' id='word_1_34' title='bbox 1229 1068 1354 1151; x_wconf 79' lang='grc' dir='ltr'><strong><em>κεφαλῇ</em></strong></span> <span class='ocrx_word' id='word_1_35' title='bbox 1377 1068 1551 1150; x_wconf 81' lang='grc' dir='ltr'><strong><em>ἀναμάξας.</em></strong></span> 
     </span>
     <span class='ocr_line' id='line_1_5' title="bbox 336 1157 1269 1243; baseline 0.001 -24"><span class='ocrx_word' id='word_1_36' title='bbox 336 1214 338 1219; x_wconf 93' lang='grc'><strong>.</strong></span> <span class='ocrx_word' id='word_1_37' title='bbox 414 1162 487 1223; x_wconf 89' lang='grc'><strong>446.</strong></span> <span class='ocrx_word' id='word_1_38' title='bbox 510 1159 573 1242; x_wconf 86' lang='grc' dir='ltr'><strong><em>ἀρα</em></strong></span> <span class='ocrx_word' id='word_1_39' title='bbox 595 1158 658 1243; x_wconf 81' lang='grc' dir='ltr'><strong><em>μὴ]</em></strong></span> <span class='ocrx_word' id='word_1_40' title='bbox 683 1158 730 1223; x_wconf 82' lang='grc'><strong><em>61.</em></strong></span> <span class='ocrx_word' id='word_1_41' title='bbox 754 1162 828 1223; x_wconf 80' lang='lat' dir='ltr'><strong>Ant.</strong></span> <span class='ocrx_word' id='word_1_42' title='bbox 853 1160 925 1221; x_wconf 82' lang='lat'><strong>632.</strong></span> <span class='ocrx_word' id='word_1_43' title='bbox 951 1158 1064 1222; x_wconf 79' lang='lat' dir='ltr'><strong>Aesoh.</strong></span> <span class='ocrx_word' id='word_1_44' title='bbox 1088 1157 1171 1241; x_wconf 70' lang='lat' dir='ltr'><strong>Sept</strong></span> <span class='ocrx_word' id='word_1_45' title='bbox 1196 1158 1269 1221; x_wconf 92' lang='grc'><strong>208.</strong></span> 
     </span>
    </p>

    <p class='ocr_par' dir='ltr' id='par_1_5' title="bbox 323 1245 1550 1504">
     <span class='ocr_line' id='line_1_6' title="bbox 414 1245 1549 1332; baseline -0.003 -21"><span class='ocrx_word' id='word_1_46' title='bbox 414 1250 487 1312; x_wconf 91' lang='grc'><strong>447.</strong></span> <span class='ocrx_word' id='word_1_47' title='bbox 510 1250 638 1332; x_wconf 82' lang='grc' dir='ltr'><strong><em>λυτήρια</em></strong></span> <span class='ocrx_word' id='word_1_48' title='bbox 665 1286 705 1295; x_wconf 88' lang='grc'>-</span> <span class='ocrx_word' id='word_1_49' title='bbox 729 1254 785 1312; x_wconf 87' lang='grc' dir='ltr'><strong><em>τοῦ</em></strong></span> <span class='ocrx_word' id='word_1_50' title='bbox 808 1248 930 1332; x_wconf 87' lang='grc' dir='ltr'><strong><em>φόνου]</em></strong></span> <span class='ocrx_word' id='word_1_51' title='bbox 964 1247 1010 1312; x_wconf 83' lang='grc'><strong><em>61.</em></strong></span> <span class='ocrx_word' id='word_1_52' title='bbox 1035 1248 1107 1310; x_wconf 91' lang='grc'><strong>635.</strong></span> <span class='ocrx_word' id='word_1_53' title='bbox 1131 1247 1296 1329; x_wconf 81' lang='grc' dir='ltr'><strong><em>λυτηρίους</em></strong></span> <span class='ocrx_word' id='word_1_54' title='bbox 1319 1245 1414 1328; x_wconf 83' lang='grc' dir='ltr'><strong><em>εὐχὰς</em></strong></span> <span class='ocrx_word' id='word_1_55' title='bbox 1431 1283 1470 1291; x_wconf 85' lang='grc'><strong>-</strong></span> <span class='ocrx_word' id='word_1_56' title='bbox 1488 1246 1549 1309; x_wconf 81' lang='grc' dir='ltr'><strong><em>δει·</em></strong></span> 
     </span>
     <span class='ocr_line' id='line_1_7' title="bbox 323 1335 1550 1421; baseline -0.002 -20"><span class='ocrx_word' id='word_1_57' title='bbox 323 1340 435 1421; x_wconf 80' lang='grc' dir='ltr'><strong><em>μάτων</em></strong></span> <span class='ocrx_word' id='word_1_58' title='bbox 450 1336 498 1402; x_wconf 83' lang='grc' dir='ltr'><strong><em>ὧν</em></strong></span> <span class='ocrx_word' id='word_1_59' title='bbox 516 1344 573 1402; x_wconf 85' lang='grc' dir='ltr'><strong><em>νῦν</em></strong></span> <span class='ocrx_word' id='word_1_60' title='bbox 595 1339 669 1421; x_wconf 86' lang='grc' dir='ltr'><strong><em>ἔχω.</em></strong></span> <span class='ocrx_word' id='word_1_61' title='bbox 695 1338 806 1401; x_wconf 81' lang='lat' dir='ltr'><strong>Aesoh.</strong></span> <span class='ocrx_word' id='word_1_62' title='bbox 831 1336 922 1400; x_wconf 83' lang='lat' dir='ltr'><strong>Eum.</strong></span> <span class='ocrx_word' id='word_1_63' title='bbox 939 1338 990 1400; x_wconf 87' lang='grc'><strong><em>48.</em></strong></span> <span class='ocrx_word' id='word_1_64' title='bbox 1014 1338 1043 1400; x_wconf 92' lang='grc' dir='ltr'><strong><em>τί</em></strong></span> <span class='ocrx_word' id='word_1_65' title='bbox 1063 1335 1124 1418; x_wconf 85' lang='grc' dir='ltr'><strong><em>γὰρ</em></strong></span> <span class='ocrx_word' id='word_1_66' title='bbox 1147 1336 1261 1418; x_wconf 83' lang='grc' dir='ltr'><strong><em>λύτρον</em></strong></span> <span class='ocrx_word' id='word_1_67' title='bbox 1282 1336 1433 1405; x_wconf 88' lang='grc' dir='ltr'><strong><em>πεσόντος</em></strong></span> <span class='ocrx_word' id='word_1_68' title='bbox 1456 1335 1550 1417; x_wconf 82' lang='grc' dir='ltr'><strong><em>οἴμα-</em></strong></span> 
     </span>
     <span class='ocr_line' id='line_1_8' title="bbox 324 1450 509 1504; baseline 0.011 -15"><span class='ocrx_word' id='word_1_69' title='bbox 324 1452 359 1491; x_wconf 88' lang='grc' dir='ltr'><strong><em>το</em></strong></span> <span class='ocrx_word' id='word_1_70' title='bbox 445 1450 509 1504; x_wconf 87' lang='grc' dir='ltr'><strong><em>νω,·</em></strong></span> 
     </span>
    </p>

    <p class='ocr_par' dir='ltr' id='par_1_6' title="bbox 360 1428 1551 1597">
     <span class='ocr_line' id='line_1_9' title="bbox 360 1428 1551 1597; baseline -0.003 -18"><span class='ocrx_word' id='word_1_71' title='bbox 360 1428 487 1580; x_wconf 62' lang='grc' dir='ltr'><strong>ςᾳ4649.</strong></span> <span class='ocrx_word' id='word_1_72' title='bbox 511 1514 556 1579; x_wconf 87' lang='grc'><strong><em>61.</em></strong></span> <span class='ocrx_word' id='word_1_73' title='bbox 580 1515 654 1579; x_wconf 84' lang='lat' dir='ltr'><strong>Eur.</strong></span> <span class='ocrx_word' id='word_1_74' title='bbox 680 1512 731 1578; x_wconf 90' lang='lat' dir='ltr'><strong><em>Or.</em></strong></span> <span class='ocrx_word' id='word_1_75' title='bbox 750 1517 821 1579; x_wconf 89' lang='grc'><strong>127.</strong></span> <span class='ocrx_word' id='word_1_76' title='bbox 846 1516 941 1579; x_wconf 81' lang='grc' dir='ltr'><strong><em>εἴδετε</em></strong></span> <span class='ocrx_word' id='word_1_77' title='bbox 964 1514 1026 1597; x_wconf 86' lang='grc' dir='ltr'><strong><em>γᾶρ</em></strong></span> <span class='ocrx_word' id='word_1_78' title='bbox 1048 1515 1151 1596; x_wconf 84' lang='grc' dir='ltr'><strong><em>ἄκρας</em></strong></span> <span class='ocrx_word' id='word_1_79' title='bbox 1174 1514 1220 1584; x_wconf 84' lang='grc' dir='ltr'><strong><em>ὡς</em></strong></span> <span class='ocrx_word' id='word_1_80' title='bbox 1243 1514 1414 1596; x_wconf 74' lang='grc' dir='ltr'><strong><em>ἀπέθρισεν</em></strong></span> <span class='ocrx_word' id='word_1_81' title='bbox 1436 1514 1551 1596; x_wconf 86' lang='grc' dir='ltr'><strong><em>τρίχας.</em></strong></span> 
     </span>
    </p>

    <p class='ocr_par' dir='ltr' id='par_1_7' title="bbox 414 1604 1258 1688">
     <span class='ocr_line' id='line_1_10' title="bbox 414 1604 1258 1688; baseline -0.004 -20"><span class='ocrx_word' id='word_1_82' title='bbox 414 1608 487 1669; x_wconf 89' lang='grc'><strong>451.</strong></span> <span class='ocrx_word' id='word_1_83' title='bbox 510 1605 627 1687; x_wconf 85' lang='grc' dir='ltr'><strong><em>λιπαρῆ</em></strong></span> <span class='ocrx_word' id='word_1_84' title='bbox 649 1604 755 1688; x_wconf 82' lang='grc' dir='ltr'><strong><em>τρίχα]</em></strong></span> <span class='ocrx_word' id='word_1_85' title='bbox 780 1604 826 1669; x_wconf 81' lang='lat' dir='ltr'><strong><em>Of.</em></strong></span> <span class='ocrx_word' id='word_1_86' title='bbox 853 1606 946 1668; x_wconf 87' lang='grc'><strong>1378.</strong></span> <span class='ocrx_word' id='word_1_87' title='bbox 970 1604 1096 1685; x_wconf 88' lang='grc' dir='ltr'><strong><em>λιπαρεῖ</em></strong></span> <span class='ocrx_word' id='word_1_88' title='bbox 1117 1641 1156 1649; x_wconf 94' lang='lat'><em>-</em></span> <span class='ocrx_word' id='word_1_89' title='bbox 1181 1604 1258 1686; x_wconf 89' lang='grc' dir='ltr'><strong><em>χερί.</em></strong></span> 
     </span>
    </p>

    <p class='ocr_par' dir='ltr' id='par_1_8' title="bbox 323 1690 1553 2223">
     <span class='ocr_line' id='line_1_11' title="bbox 414 1690 1552 1779; baseline -0.003 -22"><span class='ocrx_word' id='word_1_90' title='bbox 414 1697 487 1757; x_wconf 89' lang='grc'><strong>452.</strong></span> <span class='ocrx_word' id='word_1_91' title='bbox 510 1694 630 1777; x_wconf 81' lang='grc' dir='ltr'><strong><em>χλιδαῖς</em></strong></span> <span class='ocrx_word' id='word_1_92' title='bbox 652 1691 846 1779; x_wconf 81' lang='grc' dir='ltr'><strong><em>ἠσκημένον]</em></strong></span> <span class='ocrx_word' id='word_1_93' title='bbox 870 1693 915 1757; x_wconf 78' lang='lat' dir='ltr'><strong><em>Of.</em></strong></span> <span class='ocrx_word' id='word_1_94' title='bbox 939 1693 1014 1757; x_wconf 83' lang='lat' dir='ltr'><strong>Eur.</strong></span> <span class='ocrx_word' id='word_1_95' title='bbox 1038 1693 1087 1757; x_wconf 74' lang='lat' dir='ltr'><strong><em>Fr.</em></strong></span> <span class='ocrx_word' id='word_1_96' title='bbox 1108 1694 1204 1773; x_wconf 82' lang='lat'><strong>1132,</strong></span> <span class='ocrx_word' id='word_1_97' title='bbox 1220 1697 1249 1754; x_wconf 83' lang='lat'><strong><em>2.</em></strong></span> <span class='ocrx_word' id='word_1_98' title='bbox 1272 1692 1333 1755; x_wconf 83' lang='grc' dir='ltr'><strong><em>οὒκ</em></strong></span> <span class='ocrx_word' id='word_1_99' title='bbox 1356 1694 1391 1755; x_wconf 77' lang='grc' dir='ltr'><strong><em>ἐν</em></strong></span> <span class='ocrx_word' id='word_1_100' title='bbox 1413 1690 1552 1774; x_wconf 52' lang='lat' dir='ltr'><strong><em>(offam)</em></strong></span> 
     </span>
     <span class='ocr_line' id='line_1_12' title="bbox 323 1779 1551 1897; baseline -0.003 -50"><span class='ocrx_word' id='word_1_101' title='bbox 323 1785 568 1897; x_wconf 76' lang='grc' dir='ltr'><strong><em>πολυχρύσοισγν</em></strong></span> <span class='ocrx_word' id='word_1_102' title='bbox 599 1785 732 1867; x_wconf 86' lang='grc' dir='ltr'><strong><em>ἤσκηται</em></strong></span> <span class='ocrx_word' id='word_1_103' title='bbox 759 1783 886 1865; x_wconf 88' lang='grc' dir='ltr'><strong><em>χλιδαῖς.</em></strong></span> <span class='ocrx_word' id='word_1_104' title='bbox 916 1783 1035 1847; x_wconf 83' lang='lat' dir='ltr'><strong>-Aesoh.</strong></span> <span class='ocrx_word' id='word_1_105' title='bbox 1058 1782 1144 1846; x_wconf 84' lang='lat' dir='ltr'><strong>Pers.</strong></span> <span class='ocrx_word' id='word_1_106' title='bbox 1171 1783 1242 1845; x_wconf 90' lang='grc'><strong>182.</strong></span> <span class='ocrx_word' id='word_1_107' title='bbox 1267 1781 1411 1845; x_wconf 83' lang='grc' dir='ltr'><strong><em>πέπλοισι</em></strong></span> <span class='ocrx_word' id='word_1_108' title='bbox 1434 1779 1551 1863; x_wconf 89' lang='grc' dir='ltr'><strong><em>Περσι-</em></strong></span> 
     </span>
     <span class='ocr_line' id='line_1_13' title="bbox 324 1897 1553 2045; baseline -0.002 -20"><span class='ocrx_word' id='word_1_109' title='bbox 324 1899 394 1944; x_wconf 59' lang='lat' dir='ltr'><strong><em>m</em></strong></span> <span class='ocrx_word' id='word_1_110' title='bbox 414 1897 598 2027; x_wconf 37' lang='grc'><strong>4567466166</strong></span> <span class='ocrx_word' id='word_1_111' title='bbox 623 1961 658 2025; x_wconf 85' lang='grc' dir='ltr'><strong><em>δὲ</em></strong></span> <span class='ocrx_word' id='word_1_112' title='bbox 674 1960 733 2045; x_wconf 90' lang='grc'><strong><em>-]</em></strong></span> <span class='ocrx_word' id='word_1_113' title='bbox 758 1960 902 2029; x_wconf 71' lang='grc'><strong>616111.</strong></span> <span class='ocrx_word' id='word_1_114' title='bbox 927 1960 973 2023; x_wconf 82' lang='grc'><strong>111.</strong></span> <span class='ocrx_word' id='word_1_115' title='bbox 991 1960 1064 2023; x_wconf 86' lang='grc'><strong>677.</strong></span> <span class='ocrx_word' id='word_1_116' title='bbox 1088 1961 1127 2023; x_wconf 93' lang='grc' dir='ltr'><strong><em>σύ</em></strong></span> <span class='ocrx_word' id='word_1_117' title='bbox 1150 1963 1185 2033; x_wconf 85' lang='grc' dir='ltr'><strong><em>τ’,</em></strong></span> <span class='ocrx_word' id='word_1_118' title='bbox 1208 1958 1238 2023; x_wconf 83' lang='grc' dir='ltr'>ὦ</span> <span class='ocrx_word' id='word_1_119' title='bbox 1260 1960 1349 2023; x_wconf 88' lang='grc' dir='ltr'><strong><em>κάτω</em></strong></span> <span class='ocrx_word' id='word_1_120' title='bbox 1373 1964 1431 2042; x_wconf 83' lang='grc' dir='ltr'><strong><em>γῆς</em></strong></span> <span class='ocrx_word' id='word_1_121' title='bbox 1454 1960 1553 2022; x_wconf 86' lang='grc' dir='ltr'><strong><em>οίκᾶιν</em></strong></span> 
     </span>
     <span class='ocr_line' id='line_1_14' title="bbox 324 2046 1552 2134; baseline -0.004 -20"><span class='ocrx_word' id='word_1_122' title='bbox 324 2052 435 2134; x_wconf 79' lang='grc' dir='ltr'><strong><em>πάτερ,</em></strong></span> <span class='ocrx_word' id='word_1_123' title='bbox 458 2052 560 2133; x_wconf 88' lang='grc' dir='ltr'><strong><em>ἀμυνε</em></strong></span> <span class='ocrx_word' id='word_1_124' title='bbox 582 2050 685 2114; x_wconf 85' lang='grc' dir='ltr'><strong><em>τοῖσδε</em></strong></span> <span class='ocrx_word' id='word_1_125' title='bbox 707 2052 835 2121; x_wconf 86' lang='grc' dir='ltr'><strong><em>τέκνοις.</em></strong></span> <span class='ocrx_word' id='word_1_126' title='bbox 904 2050 1016 2134; x_wconf 79' lang='grc' dir='ltr'><strong><em>γῆθεν]</em></strong></span> <span class='ocrx_word' id='word_1_127' title='bbox 1043 2050 1067 2113; x_wconf 93' lang='grc' dir='ltr'><strong><em>Ι.</em></strong></span> <span class='ocrx_word' id='word_1_128' title='bbox 1093 2069 1122 2131; x_wconf 93' lang='lat' dir='ltr'><strong><em>q.</em></strong></span> <span class='ocrx_word' id='word_1_129' title='bbox 1145 2049 1302 2121; x_wconf 76' lang='grc' dir='ltr'><strong><em>κάτωθεν,</em></strong></span> <span class='ocrx_word' id='word_1_130' title='bbox 1331 2048 1467 2130; x_wconf 84' lang='grc' dir='ltr'><strong><em>ἔνερθεν.</em></strong></span> <span class='ocrx_word' id='word_1_131' title='bbox 1508 2046 1552 2110; x_wconf 80' lang='lat' dir='ltr'><strong>cf.</strong></span> 
     </span>
     <span class='ocr_line' id='line_1_15' title="bbox 324 2140 857 2223; baseline -0.006 -18"><span class='ocrx_word' id='word_1_132' title='bbox 324 2143 439 2205; x_wconf 82' lang='lat' dir='ltr'><strong>Aesch.</strong></span> <span class='ocrx_word' id='word_1_133' title='bbox 463 2140 545 2223; x_wconf 75' lang='lat' dir='ltr'><strong>Sept.</strong></span> <span class='ocrx_word' id='word_1_134' title='bbox 571 2142 643 2203; x_wconf 89' lang='grc'><strong>247.</strong></span> <span class='ocrx_word' id='word_1_135' title='bbox 667 2140 758 2203; x_wconf 83' lang='lat' dir='ltr'><strong>Eum.</strong></span> <span class='ocrx_word' id='word_1_136' title='bbox 784 2140 857 2203; x_wconf 82' lang='lat'><strong>904.</strong></span> 
     </span>
    </p>

    <p class='ocr_par' dir='ltr' id='par_1_9' title="bbox 325 2224 1552 2489">
     <span class='ocr_line' id='line_1_16' title="bbox 414 2224 1550 2313; baseline -0.004 -20"><span class='ocrx_word' id='word_1_137' title='bbox 414 2232 487 2293; x_wconf 85' lang='lat'><strong>455.</strong></span> <span class='ocrx_word' id='word_1_138' title='bbox 511 2231 547 2302; x_wconf 81' lang='grc' dir='ltr'><strong><em>ἐξ</em></strong></span> <span class='ocrx_word' id='word_1_139' title='bbox 569 2230 741 2312; x_wconf 80' lang='grc' dir='ltr'><strong><em>ὑπερτέρας</em></strong></span> <span class='ocrx_word' id='word_1_140' title='bbox 763 2228 873 2313; x_wconf 89' lang='grc' dir='ltr'><strong><em>χερὸς]</em></strong></span> <span class='ocrx_word' id='word_1_141' title='bbox 899 2226 1040 2292; x_wconf 58' lang='grc'><strong>611511.</strong></span> <span class='ocrx_word' id='word_1_142' title='bbox 1058 2229 1109 2290; x_wconf 88' lang='lat'><strong><em>91.</em></strong></span> <span class='ocrx_word' id='word_1_143' title='bbox 1133 2226 1256 2309; x_wconf 83' lang='grc' dir='ltr'><strong><em>οὐγὰρ</em></strong></span> <span class='ocrx_word' id='word_1_144' title='bbox 1280 2227 1315 2300; x_wconf 82' lang='grc' dir='ltr'><strong><em>έξ</em></strong></span> <span class='ocrx_word' id='word_1_145' title='bbox 1337 2226 1408 2296; x_wconf 80' lang='grc' dir='ltr'><strong><em>ἕνδς</em></strong></span> <span class='ocrx_word' id='word_1_146' title='bbox 1426 2224 1550 2312; x_wconf 89' lang='grc' dir='ltr'><strong><em>ποδδς]</em></strong></span> 
     </span>
     <span class='ocr_line' id='line_1_17' title="bbox 325 2310 1552 2489; baseline -0.005 -107"><span class='ocrx_word' id='word_1_147' title='bbox 325 2320 474 2472; x_wconf 50' lang='grc' dir='ltr'><strong><em>ηχάἕέκῑ</em></strong></span> <span class='ocrx_word' id='word_1_148' title='bbox 486 2318 692 2471; x_wconf 55' lang='grc' dir='ltr'><strong><em>χχηργῦαίσησηι</em></strong></span> <span class='ocrx_word' id='word_1_149' title='bbox 715 2318 1112 2489; x_wconf 49' lang='grc' dir='ltr'><strong><em>βέμωῗῗχὺέξρἀγηνηηου</em></strong></span> <span class='ocrx_word' id='word_1_150' title='bbox 1134 2316 1244 2387; x_wconf 92' lang='grc' dir='ltr'><strong><em>ποδός.</em></strong></span> <span class='ocrx_word' id='word_1_151' title='bbox 1279 2316 1389 2399; x_wconf 75' lang='lat' dir='ltr'><strong>Eupol.</strong></span> <span class='ocrx_word' id='word_1_152' title='bbox 1413 2315 1454 2379; x_wconf 89' lang='lat' dir='ltr'><strong><em>II.</em></strong></span> <span class='ocrx_word' id='word_1_153' title='bbox 1478 2310 1552 2378; x_wconf 85' lang='grc'><strong>458.</strong></span> 
     </span>
    </p>

    <p class='ocr_par' dir='ltr' id='par_1_10' title="bbox 324 2429 1554 2760">
     <span class='ocr_line' id='line_1_18' title="bbox 414 2429 1553 2580; baseline -0.003 -21"><span class='ocrx_word' id='word_1_154' title='bbox 414 2498 487 2560; x_wconf 90' lang='grc'><strong>456.</strong></span> <span class='ocrx_word' id='word_1_155' title='bbox 511 2432 673 2579; x_wconf 72' lang='grc' dir='ltr'><strong><em>ἐχθροίάλλ</em></strong></span> <span class='ocrx_word' id='word_1_156' title='bbox 697 2534 737 2541; x_wconf 93' lang='grc'>-</span> <span class='ocrx_word' id='word_1_157' title='bbox 751 2431 976 2580; x_wconf 63' lang='grc' dir='ltr'><strong><em>γεπεμβῆναι]η</em></strong></span> <span class='ocrx_word' id='word_1_158' title='bbox 989 2429 1035 2559; x_wconf 65' lang='grc'><strong><em>611</em></strong></span> <span class='ocrx_word' id='word_1_159' title='bbox 1059 2497 1108 2577; x_wconf 84' lang='lat' dir='ltr'><strong><em>Aj.</em></strong></span> <span class='ocrx_word' id='word_1_160' title='bbox 1135 2478 1229 2558; x_wconf 74' lang='lat'><strong>1348.</strong></span> <span class='ocrx_word' id='word_1_161' title='bbox 1262 2494 1302 2557; x_wconf 85' lang='grc' dir='ltr'><strong><em>οὐ</em></strong></span> <span class='ocrx_word' id='word_1_162' title='bbox 1334 2493 1395 2576; x_wconf 85' lang='grc' dir='ltr'><strong><em>γὰρ</em></strong></span> <span class='ocrx_word' id='word_1_163' title='bbox 1423 2493 1553 2557; x_wconf 89' lang='grc' dir='ltr'><strong><em>θανόντι</em></strong></span> 
     </span>
     <span class='ocr_line' id='line_1_19' title="bbox 324 2579 1554 2670; baseline -0.004 -20"><span class='ocrx_word' id='word_1_164' title='bbox 324 2588 378 2650; x_wconf 87' lang='grc' dir='ltr'><strong><em>καλ</em></strong></span> <span class='ocrx_word' id='word_1_165' title='bbox 400 2588 623 2670; x_wconf 84' lang='grc' dir='ltr'><strong><em>προσεμβῆναί</em></strong></span> <span class='ocrx_word' id='word_1_166' title='bbox 648 2610 683 2649; x_wconf 87' lang='grc' dir='ltr'><strong><em>σε</em></strong></span> <span class='ocrx_word' id='word_1_167' title='bbox 709 2586 780 2669; x_wconf 84' lang='grc' dir='ltr'><strong><em>χρή.</em></strong></span> <span class='ocrx_word' id='word_1_168' title='bbox 813 2588 865 2648; x_wconf 90' lang='grc'><strong>42.</strong></span> <span class='ocrx_word' id='word_1_169' title='bbox 889 2584 965 2647; x_wconf 83' lang='lat' dir='ltr'><strong>Eur.</strong></span> <span class='ocrx_word' id='word_1_170' title='bbox 987 2585 1083 2668; x_wconf 87' lang='lat' dir='ltr'><strong>Hipp.</strong></span> <span class='ocrx_word' id='word_1_171' title='bbox 1108 2583 1181 2647; x_wconf 84' lang='lat'><strong>668.</strong></span> <span class='ocrx_word' id='word_1_172' title='bbox 1204 2586 1224 2666; x_wconf 78' lang='grc' dir='ltr'><em>ἢ</em></span> <span class='ocrx_word' id='word_1_173' title='bbox 1248 2583 1326 2665; x_wconf 82' lang='grc' dir='ltr'><strong><em>κάμ’</em></strong></span> <span class='ocrx_word' id='word_1_174' title='bbox 1349 2584 1431 2646; x_wconf 78' lang='grc' dir='ltr'><strong><em>ἐάτω</em></strong></span> <span class='ocrx_word' id='word_1_175' title='bbox 1454 2579 1554 2646; x_wconf 82' lang='grc' dir='ltr'><strong><em>ταῖσδ’</em></strong></span> 
     </span>
     <span class='ocr_line' id='line_1_20' title="bbox 325 2673 1554 2760; baseline -0.004 -20"><span class='ocrx_word' id='word_1_176' title='bbox 325 2676 523 2760; x_wconf 77' lang='grc' dir='ltr'><strong><em>ἐπεμβαίνειν</em></strong></span> <span class='ocrx_word' id='word_1_177' title='bbox 546 2676 601 2740; x_wconf 91' lang='grc' dir='ltr'><strong><em>ἀεί.</em></strong></span> <span class='ocrx_word' id='word_1_178' title='bbox 634 2674 765 2739; x_wconf 83' lang='lat' dir='ltr'><strong>Lucian.</strong></span> <span class='ocrx_word' id='word_1_179' title='bbox 790 2673 879 2737; x_wconf 88' lang='lat' dir='ltr'><strong>XVI.</strong></span> <span class='ocrx_word' id='word_1_180' title='bbox 896 2675 924 2737; x_wconf 88' lang='lat'><strong><em>9.</em></strong></span> <span class='ocrx_word' id='word_1_181' title='bbox 957 2675 1040 2737; x_wconf 81' lang='grc' dir='ltr'><strong><em>ἔοικε</em></strong></span> <span class='ocrx_word' id='word_1_182' title='bbox 1064 2710 1106 2718; x_wconf 94' lang='grc'>-</span> <span class='ocrx_word' id='word_1_183' title='bbox 1130 2674 1191 2737; x_wconf 84' lang='grc' dir='ltr'><strong><em>οὐκ</em></strong></span> <span class='ocrx_word' id='word_1_184' title='bbox 1218 2673 1455 2756; x_wconf 73' lang='grc' dir='ltr'><strong><em>ἐπεμβήσεσθαι</em></strong></span> <span class='ocrx_word' id='word_1_185' title='bbox 1477 2673 1554 2755; x_wconf 76' lang='grc' dir='ltr'><strong><em>ἡμῖν</em></strong></span> 
     </span>
    </p>
   </div>
   <div class='ocr_carea' id='block_1_3' title="bbox 325 2763 1553 2939">
    <p class='ocr_par' dir='ltr' id='par_1_11' title="bbox 325 2763 1553 2939">
     <span class='ocr_line' id='line_1_21' title="bbox 325 2763 901 2849; baseline -0.005 -20"><span class='ocrx_word' id='word_1_186' title='bbox 325 2766 418 2829; x_wconf 83' lang='grc' dir='ltr'><strong><em>ἑκών.</em></strong></span> <span class='ocrx_word' id='word_1_187' title='bbox 442 2767 492 2849; x_wconf 79' lang='lat' dir='ltr'><strong><em>Aj.</em></strong></span> <span class='ocrx_word' id='word_1_188' title='bbox 519 2766 611 2829; x_wconf 85' lang='lat'><strong>1281.</strong></span> <span class='ocrx_word' id='word_1_189' title='bbox 636 2765 795 2848; x_wconf 82' lang='grc' dir='ltr'><strong><em>συμβῆναι</em></strong></span> <span class='ocrx_word' id='word_1_190' title='bbox 817 2763 901 2827; x_wconf 87' lang='grc' dir='ltr'><strong><em>ποδί.</em></strong></span> 
     </span>
     <span class='ocr_line' id='line_1_22' title="bbox 414 2851 1553 2939; baseline -0.004 -22"><span class='ocrx_word' id='word_1_191' title='bbox 414 2856 488 2918; x_wconf 96' lang='grc'><strong>458.</strong></span> <span class='ocrx_word' id='word_1_192' title='bbox 512 2854 690 2939; x_wconf 83' lang='grc' dir='ltr'><strong><em>στέφωμεν]</em></strong></span> <span class='ocrx_word' id='word_1_193' title='bbox 718 2854 742 2917; x_wconf 95' lang='grc' dir='ltr'><strong>Ι.</strong></span> <span class='ocrx_word' id='word_1_194' title='bbox 767 2874 792 2919; x_wconf 83' lang='lat' dir='ltr'><strong><em>e.</em></strong></span> <span class='ocrx_word' id='word_1_195' title='bbox 816 2854 1055 2917; x_wconf 83' lang='lat' dir='ltr'><strong>honoremus.</strong></span> <span class='ocrx_word' id='word_1_196' title='bbox 1095 2851 1139 2916; x_wconf 89' lang='grc'><strong><em>61</em></strong></span> <span class='ocrx_word' id='word_1_197' title='bbox 1164 2853 1214 2915; x_wconf 89' lang='grc'><strong><em>53.</em></strong></span> <span class='ocrx_word' id='word_1_198' title='bbox 1238 2853 1312 2914; x_wconf 71' lang='lat' dir='ltr'><strong><em>Ant</em></strong></span> <span class='ocrx_word' id='word_1_199' title='bbox 1336 2852 1411 2913; x_wconf 81' lang='lat'><strong>431.</strong></span> <span class='ocrx_word' id='word_1_200' title='bbox 1435 2851 1484 2934; x_wconf 81' lang='lat' dir='ltr'><strong>Aj.</strong></span> <span class='ocrx_word' id='word_1_201' title='bbox 1502 2852 1553 2913; x_wconf 88' lang='lat'><strong><em>93.</em></strong></span> 
     </span>
    </p>
   </div>
   <div class='ocr_carea' id='block_1_4' title="bbox 323 2939 1580 4885">
    <p class='ocr_par' dir='ltr' id='par_1_12' title="bbox 323 2939 1553 3296">
     <span class='ocr_line' id='line_1_23' title="bbox 323 2939 1553 3027; baseline -0.003 -20"><span class='ocrx_word' id='word_1_202' title='bbox 323 2959 325 2962; x_wconf 83' lang='lat'>&#39;</span> <span class='ocrx_word' id='word_1_203' title='bbox 414 2945 487 3008; x_wconf 91' lang='grc'><strong>459.</strong></span> <span class='ocrx_word' id='word_1_204' title='bbox 512 2943 601 3027; x_wconf 76' lang='grc' dir='ltr'><strong><em>οἶμαι</em></strong></span> <span class='ocrx_word' id='word_1_205' title='bbox 620 2943 681 3026; x_wconf 71' lang='grc' dir='ltr'><strong><em>μὲν</em></strong></span> <span class='ocrx_word' id='word_1_206' title='bbox 704 2942 771 3018; x_wconf 76' lang='grc' dir='ltr'><strong><em>οὖν,</em></strong></span> <span class='ocrx_word' id='word_1_207' title='bbox 795 2942 898 3026; x_wconf 79' lang='grc' dir='ltr'><strong><em>οἶμαι]</em></strong></span> <span class='ocrx_word' id='word_1_208' title='bbox 923 2940 965 3006; x_wconf 84' lang='grc'><strong><em>61.</em></strong></span> <span class='ocrx_word' id='word_1_209' title='bbox 988 2943 1084 3006; x_wconf 72' lang='lat' dir='ltr'><strong>Arist.</strong></span> <span class='ocrx_word' id='word_1_210' title='bbox 1099 2942 1146 3007; x_wconf 93' lang='lat' dir='ltr'><strong><em>Pl.</em></strong></span> <span class='ocrx_word' id='word_1_211' title='bbox 1165 2943 1237 3005; x_wconf 85' lang='grc'><strong>114.</strong></span> <span class='ocrx_word' id='word_1_212' title='bbox 1261 2941 1348 3025; x_wconf 73' lang='grc' dir='ltr'><strong><em>οἶμαι</em></strong></span> <span class='ocrx_word' id='word_1_213' title='bbox 1372 2941 1433 3023; x_wconf 84' lang='grc' dir='ltr'><strong><em>γὰρ</em></strong></span> <span class='ocrx_word' id='word_1_214' title='bbox 1457 2939 1553 3024; x_wconf 77' lang='grc' dir='ltr'><strong><em>οἶμαι,</em></strong></span> 
     </span>
     <span class='ocr_line' id='line_1_24' title="bbox 325 3033 799 3117; baseline -0.011 -18"><span class='ocrx_word' id='word_1_215' title='bbox 325 3033 382 3108; x_wconf 80' lang='grc' dir='ltr'><strong><em>ξὺν</em></strong></span> <span class='ocrx_word' id='word_1_216' title='bbox 404 3034 475 3116; x_wconf 79' lang='grc' dir='ltr'><strong><em>θεῷ</em></strong></span> <span class='ocrx_word' id='word_1_217' title='bbox 499 3033 528 3096; x_wconf 86' lang='grc' dir='ltr'><strong><em>δ’</em></strong></span> <span class='ocrx_word' id='word_1_218' title='bbox 551 3034 718 3117; x_wconf 80' lang='grc' dir='ltr'><strong><em>εἰρήσεται,</em></strong></span> <span class='ocrx_word' id='word_1_219' title='bbox 742 3039 799 3098; x_wconf 69' lang='grc' dir='ltr'><strong><em>σω.</em></strong></span> 
     </span>
     <span class='ocr_line' id='line_1_25' title="bbox 414 3120 1553 3205; baseline -0.002 -20"><span class='ocrx_word' id='word_1_220' title='bbox 414 3124 488 3187; x_wconf 89' lang='grc'><strong>460.</strong></span> <span class='ocrx_word' id='word_1_221' title='bbox 511 3147 538 3186; x_wconf 86' lang='grc' dir='ltr'><strong><em>τι</em></strong></span> <span class='ocrx_word' id='word_1_222' title='bbox 569 3123 623 3186; x_wconf 81' lang='grc' dir='ltr'><strong><em>καὶ</em></strong></span> <span class='ocrx_word' id='word_1_223' title='bbox 660 3124 755 3204; x_wconf 85' lang='grc' dir='ltr'><strong><em>κείνῳ</em></strong></span> <span class='ocrx_word' id='word_1_224' title='bbox 786 3121 895 3205; x_wconf 86' lang='grc' dir='ltr'><strong><em>μέλον]</em></strong></span> <span class='ocrx_word' id='word_1_225' title='bbox 928 3120 1036 3186; x_wconf 81' lang='lat' dir='ltr'>Some</span> <span class='ocrx_word' id='word_1_226' title='bbox 1067 3120 1385 3205; x_wconf 85' lang='lat' dir='ltr'><strong>thoughtfulness</strong></span> <span class='ocrx_word' id='word_1_227' title='bbox 1417 3125 1477 3184; x_wconf 88' lang='lat' dir='ltr'><strong><em>too</em></strong></span> <span class='ocrx_word' id='word_1_228' title='bbox 1506 3138 1553 3183; x_wconf 89' lang='lat' dir='ltr'><strong><em>on</em></strong></span> 
     </span>
     <span class='ocr_line' id='line_1_26' title="bbox 327 3214 1390 3296; baseline -0.005 -20"><span class='ocrx_word' id='word_1_229' title='bbox 327 3214 386 3278; x_wconf 91' lang='lat' dir='ltr'><strong><em>his</em></strong></span> <span class='ocrx_word' id='word_1_230' title='bbox 408 3217 500 3296; x_wconf 67' lang='lat' dir='ltr'>part</span> <span class='ocrx_word' id='word_1_231' title='bbox 1387 3238 1390 3242; x_wconf 47' lang='lat'><em>⁴</em></span> 
     </span>
    </p>

    <p class='ocr_par' dir='ltr' id='par_1_13' title="bbox 325 3297 1553 3474">
     <span class='ocr_line' id='line_1_27' title="bbox 414 3297 1553 3385; baseline -0.004 -21"><span class='ocrx_word' id='word_1_232' title='bbox 414 3302 489 3364; x_wconf 89' lang='grc'><strong>466.</strong></span> <span class='ocrx_word' id='word_1_233' title='bbox 513 3301 549 3365; x_wconf 85' lang='grc' dir='ltr'><strong><em>τὸ</em></strong></span> <span class='ocrx_word' id='word_1_234' title='bbox 574 3301 707 3385; x_wconf 84' lang='grc' dir='ltr'><strong><em>δίκαιον]</em></strong></span> <span class='ocrx_word' id='word_1_235' title='bbox 740 3299 784 3364; x_wconf 89' lang='grc'><strong><em>61.</em></strong></span> <span class='ocrx_word' id='word_1_236' title='bbox 809 3301 882 3364; x_wconf 88' lang='lat'><strong>338.</strong></span> <span class='ocrx_word' id='word_1_237' title='bbox 924 3299 1180 3366; x_wconf 74' lang='lat' dir='ltr'>Construendum</span> <span class='ocrx_word' id='word_1_238' title='bbox 1214 3300 1338 3362; x_wconf 82' lang='lat' dir='ltr'><strong>videtur</strong></span> <span class='ocrx_word' id='word_1_239' title='bbox 1371 3298 1460 3363; x_wconf 87' lang='grc' dir='ltr'><strong><em>δυοῖν</em></strong></span> <span class='ocrx_word' id='word_1_240' title='bbox 1491 3297 1553 3381; x_wconf 83' lang='grc' dir='ltr'><strong><em>γὰρ</em></strong></span> 
     </span>
     <span class='ocr_line' id='line_1_28' title="bbox 325 3390 934 3474; baseline -0.007 -18"><span class='ocrx_word' id='word_1_241' title='bbox 325 3393 435 3474; x_wconf 73' lang='grc' dir='ltr'><strong><em>ἐρίζειν</em></strong></span> <span class='ocrx_word' id='word_1_242' title='bbox 457 3390 493 3455; x_wconf 84' lang='grc' dir='ltr'><strong><em>τὸ</em></strong></span> <span class='ocrx_word' id='word_1_243' title='bbox 518 3392 639 3455; x_wconf 89' lang='grc' dir='ltr'><strong><em>δίκαιον</em></strong></span> <span class='ocrx_word' id='word_1_244' title='bbox 662 3392 722 3454; x_wconf 80' lang='grc' dir='ltr'><strong><em>οὐκ</em></strong></span> <span class='ocrx_word' id='word_1_245' title='bbox 746 3392 809 3473; x_wconf 86' lang='grc' dir='ltr'><strong><em>ἔχει</em></strong></span> <span class='ocrx_word' id='word_1_246' title='bbox 831 3390 934 3472; x_wconf 85' lang='grc' dir='ltr'><strong><em>λόγον.</em></strong></span> 
     </span>
    </p>

    <p class='ocr_par' dir='ltr' id='par_1_14' title="bbox 358 3477 1553 3564">
     <span class='ocr_line' id='line_1_29' title="bbox 358 3477 1553 3564; baseline -0.003 -21"><span class='ocrx_word' id='word_1_247' title='bbox 358 3515 359 3518; x_wconf 32' lang='lat'>¹</span> <span class='ocrx_word' id='word_1_248' title='bbox 414 3483 488 3545; x_wconf 88' lang='grc'><strong>467.</strong></span> <span class='ocrx_word' id='word_1_249' title='bbox 513 3480 558 3545; x_wconf 89' lang='grc'><strong><em>61.</em></strong></span> <span class='ocrx_word' id='word_1_250' title='bbox 571 3481 685 3544; x_wconf 81' lang='lat' dir='ltr'><strong>Aesch.</strong></span> <span class='ocrx_word' id='word_1_251' title='bbox 696 3478 780 3564; x_wconf 83' lang='lat' dir='ltr'><strong>Sept.</strong></span> <span class='ocrx_word' id='word_1_252' title='bbox 792 3481 865 3543; x_wconf 88' lang='grc'><strong>689.</strong></span> <span class='ocrx_word' id='word_1_253' title='bbox 881 3479 1060 3562; x_wconf 75' lang='grc' dir='ltr'><strong><em>ἐπισπέρχει</em></strong></span> <span class='ocrx_word' id='word_1_254' title='bbox 1077 3478 1183 3560; x_wconf 87' lang='lat' dir='ltr'><strong>(schol.</strong></span> <span class='ocrx_word' id='word_1_255' title='bbox 1199 3477 1398 3556; x_wconf 76' lang='grc' dir='ltr'><strong><em>ἕπισπεύδει).</em></strong></span> <span class='ocrx_word' id='word_1_256' title='bbox 1414 3477 1553 3558; x_wconf 80' lang='lat' dir='ltr'><strong>Hesyoh.</strong></span> 
     </span>
    </p>

    <p class='ocr_par' dir='ltr' id='par_1_15' title="bbox 324 3567 1580 4546">
     <span class='ocr_line' id='line_1_30' title="bbox 325 3567 1554 3653; baseline -0.003 -20"><span class='ocrx_word' id='word_1_257' title='bbox 325 3572 353 3633; x_wconf 92' lang='lat' dir='ltr'><strong><em>h.</em></strong></span> <span class='ocrx_word' id='word_1_258' title='bbox 379 3591 406 3634; x_wconf 83' lang='lat' dir='ltr'><strong><em>v.</em></strong></span> <span class='ocrx_word' id='word_1_259' title='bbox 475 3570 564 3635; x_wconf 88' lang='grc' dir='ltr'><strong><em>δυοῖν</em></strong></span> <span class='ocrx_word' id='word_1_260' title='bbox 587 3571 709 3653; x_wconf 76' lang='grc' dir='ltr'><strong><em>ἐρίζειν]</em></strong></span> <span class='ocrx_word' id='word_1_261' title='bbox 738 3569 782 3634; x_wconf 85' lang='grc'><strong><em>61.</em></strong></span> <span class='ocrx_word' id='word_1_262' title='bbox 807 3568 897 3632; x_wconf 88' lang='lat' dir='ltr'><strong>Pind.</strong></span> <span class='ocrx_word' id='word_1_263' title='bbox 922 3570 956 3634; x_wconf 90' lang='lat' dir='ltr'><strong>P.</strong></span> <span class='ocrx_word' id='word_1_264' title='bbox 980 3570 1035 3633; x_wconf 91' lang='lat' dir='ltr'><strong><em>IV.</em></strong></span> <span class='ocrx_word' id='word_1_265' title='bbox 1060 3571 1133 3631; x_wconf 91' lang='grc'><strong>285.</strong></span> <span class='ocrx_word' id='word_1_266' title='bbox 1160 3568 1220 3631; x_wconf 89' lang='grc' dir='ltr'><strong><em>ούκ</em></strong></span> <span class='ocrx_word' id='word_1_267' title='bbox 1245 3567 1358 3649; x_wconf 77' lang='grc' dir='ltr'><strong><em>ἐρίζων</em></strong></span> <span class='ocrx_word' id='word_1_268' title='bbox 1381 3567 1467 3630; x_wconf 86' lang='grc' dir='ltr'><strong><em>ἀντία</em></strong></span> <span class='ocrx_word' id='word_1_269' title='bbox 1490 3572 1554 3635; x_wconf 89' lang='grc' dir='ltr'><strong><em>τοῖς</em></strong></span> 
     </span>
     <span class='ocr_line' id='line_1_31' title="bbox 325 3655 1553 3744; baseline -0.003 -22"><span class='ocrx_word' id='word_1_270' title='bbox 325 3659 468 3742; x_wconf 84' lang='grc' dir='ltr'><strong><em>ἀγαθοῖς.</em></strong></span> <span class='ocrx_word' id='word_1_271' title='bbox 538 3660 735 3723; x_wconf 78' lang='grc' dir='ltr'><strong><em>ἐπισπεύδειν</em></strong></span> <span class='ocrx_word' id='word_1_272' title='bbox 762 3657 798 3722; x_wconf 93' lang='grc' dir='ltr'><strong><em>τδ</em></strong></span> <span class='ocrx_word' id='word_1_273' title='bbox 822 3656 913 3744; x_wconf 88' lang='grc' dir='ltr'><strong><em>δρᾶν]</em></strong></span> <span class='ocrx_word' id='word_1_274' title='bbox 942 3658 986 3723; x_wconf 87' lang='grc'><strong><em>61.</em></strong></span> <span class='ocrx_word' id='word_1_275' title='bbox 1011 3656 1067 3720; x_wconf 90' lang='lat' dir='ltr'><strong><em>Ph.</em></strong></span> <span class='ocrx_word' id='word_1_276' title='bbox 1094 3658 1165 3720; x_wconf 92' lang='lat'><strong>118.</strong></span> <span class='ocrx_word' id='word_1_277' title='bbox 1194 3657 1254 3719; x_wconf 82' lang='grc' dir='ltr'><strong><em>οὐκ</em></strong></span> <span class='ocrx_word' id='word_1_278' title='bbox 1277 3658 1317 3718; x_wconf 85' lang='grc' dir='ltr'><strong><em>ἀν</em></strong></span> <span class='ocrx_word' id='word_1_279' title='bbox 1340 3656 1497 3738; x_wconf 89' lang='grc' dir='ltr'><strong><em>ἀρνοίμην</em></strong></span> <span class='ocrx_word' id='word_1_280' title='bbox 1518 3655 1553 3718; x_wconf 90' lang='grc' dir='ltr'><strong><em>τδ</em></strong></span> 
     </span>
     <span class='ocr_line' id='line_1_32' title="bbox 327 3745 1553 3830; baseline -0.004 -19"><span class='ocrx_word' id='word_1_281' title='bbox 327 3749 416 3830; x_wconf 86' lang='grc' dir='ltr'><strong><em>δρᾶν.</em></strong></span> <span class='ocrx_word' id='word_1_282' title='bbox 442 3750 536 3811; x_wconf 91' lang='grc'><strong>1241.</strong></span> <span class='ocrx_word' id='word_1_283' title='bbox 560 3751 640 3813; x_wconf 79' lang='grc' dir='ltr'><strong><em>ἔστιν</em></strong></span> <span class='ocrx_word' id='word_1_284' title='bbox 663 3749 699 3818; x_wconf 86' lang='grc' dir='ltr'><strong><em>ὅς</em></strong></span> <span class='ocrx_word' id='word_1_285' title='bbox 722 3771 757 3812; x_wconf 91' lang='grc' dir='ltr'><strong><em>σε</em></strong></span> <span class='ocrx_word' id='word_1_286' title='bbox 780 3748 916 3812; x_wconf 89' lang='grc' dir='ltr'><strong><em>κωλύσει</em></strong></span> <span class='ocrx_word' id='word_1_287' title='bbox 938 3747 974 3811; x_wconf 89' lang='grc' dir='ltr'><strong><em>τὸ</em></strong></span> <span class='ocrx_word' id='word_1_288' title='bbox 999 3747 1086 3829; x_wconf 86' lang='grc' dir='ltr'><strong><em>δρᾶν.</em></strong></span> <span class='ocrx_word' id='word_1_289' title='bbox 1117 3747 1211 3808; x_wconf 89' lang='grc'><strong>1252.</strong></span> <span class='ocrx_word' id='word_1_290' title='bbox 1235 3745 1311 3809; x_wconf 83' lang='grc' dir='ltr'><strong><em>οὐδὲ</em></strong></span> <span class='ocrx_word' id='word_1_291' title='bbox 1334 3745 1487 3826; x_wconf 87' lang='grc' dir='ltr'><strong><em>πείθομαι</em></strong></span> <span class='ocrx_word' id='word_1_292' title='bbox 1512 3781 1553 3789; x_wconf 91' lang='grc'>-</span> 
     </span>
     <span class='ocr_line' id='line_1_33' title="bbox 324 3832 1554 3920; baseline -0.003 -21"><span class='ocrx_word' id='word_1_293' title='bbox 324 3838 361 3902; x_wconf 87' lang='grc' dir='ltr'><strong><em>τὸ</em></strong></span> <span class='ocrx_word' id='word_1_294' title='bbox 385 3838 472 3920; x_wconf 83' lang='grc' dir='ltr'><strong><em>δρᾶν.</em></strong></span> <span class='ocrx_word' id='word_1_295' title='bbox 506 3837 541 3902; x_wconf 93' lang='lat'><strong><em>0.</em></strong></span> <span class='ocrx_word' id='word_1_296' title='bbox 559 3837 591 3902; x_wconf 90' lang='grc'><strong><em>6.</em></strong></span> <span class='ocrx_word' id='word_1_297' title='bbox 616 3840 689 3900; x_wconf 89' lang='grc'><strong>442.</strong></span> <span class='ocrx_word' id='word_1_298' title='bbox 721 3837 756 3901; x_wconf 88' lang='grc' dir='ltr'><strong><em>τδ</em></strong></span> <span class='ocrx_word' id='word_1_299' title='bbox 781 3837 861 3919; x_wconf 89' lang='grc' dir='ltr'><strong><em>δρᾶν</em></strong></span> <span class='ocrx_word' id='word_1_300' title='bbox 889 3837 949 3900; x_wconf 87' lang='grc' dir='ltr'><strong><em>ούκ</em></strong></span> <span class='ocrx_word' id='word_1_301' title='bbox 976 3836 1147 3919; x_wconf 82' lang='grc' dir='ltr'><strong><em>ἠθέλησαν.</em></strong></span> <span class='ocrx_word' id='word_1_302' title='bbox 1179 3838 1253 3899; x_wconf 84' lang='lat' dir='ltr'><strong>Ant.</strong></span> <span class='ocrx_word' id='word_1_303' title='bbox 1279 3837 1329 3898; x_wconf 92' lang='grc'><strong>78.</strong></span> <span class='ocrx_word' id='word_1_304' title='bbox 1356 3834 1392 3897; x_wconf 89' lang='grc' dir='ltr'><strong><em>τδ</em></strong></span> <span class='ocrx_word' id='word_1_305' title='bbox 1421 3832 1455 3897; x_wconf 83' lang='grc' dir='ltr'><strong><em>δὲ</em></strong></span> <span class='ocrx_word' id='word_1_306' title='bbox 1475 3833 1480 3914; x_wconf 92' lang='grc'>1</span> <span class='ocrx_word' id='word_1_307' title='bbox 1500 3834 1554 3916; x_wconf 81' lang='grc' dir='ltr'><strong><em>βίᾳ</em></strong></span> 
     </span>
     <span class='ocr_line' id='line_1_34' title="bbox 325 3924 1554 4009; baseline -0.004 -19"><span class='ocrx_word' id='word_1_308' title='bbox 325 3927 462 3990; x_wconf 87' lang='grc' dir='ltr'><strong><em>πολιτῶν</em></strong></span> <span class='ocrx_word' id='word_1_309' title='bbox 495 3927 575 4009; x_wconf 88' lang='grc' dir='ltr'><strong><em>δρᾶν</em></strong></span> <span class='ocrx_word' id='word_1_310' title='bbox 606 3928 687 4009; x_wconf 79' lang='grc' dir='ltr'><strong><em>ἔφυν</em></strong></span> <span class='ocrx_word' id='word_1_311' title='bbox 709 3927 882 4009; x_wconf 83' lang='grc' dir='ltr'><strong><em>ἀμήχανος.</em></strong></span> <span class='ocrx_word' id='word_1_312' title='bbox 915 3926 963 3989; x_wconf 81' lang='grc' dir='ltr'><strong>ΕΙ.</strong></span> <span class='ocrx_word' id='word_1_313' title='bbox 990 3926 1084 3989; x_wconf 89' lang='grc'><strong>1679.</strong></span> <span class='ocrx_word' id='word_1_314' title='bbox 1106 3925 1142 3986; x_wconf 90' lang='grc' dir='ltr'><strong><em>τό</em></strong></span> <span class='ocrx_word' id='word_1_315' title='bbox 1164 3949 1196 3988; x_wconf 92' lang='grc' dir='ltr'><strong><em>τε</em></strong></span> <span class='ocrx_word' id='word_1_316' title='bbox 1217 3924 1264 4008; x_wconf 82' lang='grc' dir='ltr'><strong><em>μὴ</em></strong></span> <span class='ocrx_word' id='word_1_317' title='bbox 1289 3925 1414 4004; x_wconf 85' lang='grc' dir='ltr'><strong><em>βλέπειν</em></strong></span> <span class='ocrx_word' id='word_1_318' title='bbox 1437 3924 1554 4004; x_wconf 77' lang='grc' dir='ltr'><strong><em>ἑτοίμα.</em></strong></span> 
     </span>
     <span class='ocr_line' id='line_1_35' title="bbox 326 4012 1554 4097; baseline -0.004 -17"><span class='ocrx_word' id='word_1_319' title='bbox 326 4016 382 4080; x_wconf 83' lang='grc' dir='ltr'><strong><em>Ρ5.</em></strong></span> <span class='ocrx_word' id='word_1_320' title='bbox 408 4017 481 4079; x_wconf 92' lang='grc'><strong>620.</strong></span> <span class='ocrx_word' id='word_1_321' title='bbox 508 4016 544 4079; x_wconf 92' lang='grc' dir='ltr'><strong><em>τδ</em></strong></span> <span class='ocrx_word' id='word_1_322' title='bbox 568 4017 714 4080; x_wconf 88' lang='grc' dir='ltr'><strong><em>σπεύδειν</em></strong></span> <span class='ocrx_word' id='word_1_323' title='bbox 742 4016 777 4080; x_wconf 86' lang='grc' dir='ltr'><strong><em>δέ</em></strong></span> <span class='ocrx_word' id='word_1_324' title='bbox 800 4039 849 4079; x_wconf 91' lang='grc' dir='ltr'><strong><em>σοι</em></strong></span> <span class='ocrx_word' id='word_1_325' title='bbox 871 4019 1027 4097; x_wconf 87' lang='grc' dir='ltr'><strong><em>παραινῶ.</em></strong></span> <span class='ocrx_word' id='word_1_326' title='bbox 1060 4015 1134 4076; x_wconf 80' lang='lat' dir='ltr'><strong>Ant.</strong></span> <span class='ocrx_word' id='word_1_327' title='bbox 1160 4015 1233 4076; x_wconf 90' lang='grc'><strong>219.</strong></span> <span class='ocrx_word' id='word_1_328' title='bbox 1264 4013 1301 4078; x_wconf 87' lang='grc' dir='ltr'><strong><em>τὸ</em></strong></span> <span class='ocrx_word' id='word_1_329' title='bbox 1322 4013 1368 4096; x_wconf 84' lang='grc' dir='ltr'><strong><em>μὴ</em></strong></span> <span class='ocrx_word' id='word_1_330' title='bbox 1394 4012 1554 4095; x_wconf 81' lang='grc' dir='ltr'><strong><em>’πιχωρεῖν</em></strong></span> 
     </span>
     <span class='ocr_line' id='line_1_36' title="bbox 327 4103 1554 4186; baseline -0.005 -17"><span class='ocrx_word' id='word_1_331' title='bbox 327 4105 519 4186; x_wconf 82' lang='grc' dir='ltr'><strong><em>(έπενιέλλω)</em></strong></span> <span class='ocrx_word' id='word_1_332' title='bbox 547 4112 611 4176; x_wconf 85' lang='grc' dir='ltr'><strong><em>τοῖς</em></strong></span> <span class='ocrx_word' id='word_1_333' title='bbox 643 4106 826 4169; x_wconf 86' lang='grc' dir='ltr'><strong><em>ἀπιστοῦσιν</em></strong></span> <span class='ocrx_word' id='word_1_334' title='bbox 853 4105 934 4168; x_wconf 87' lang='grc' dir='ltr'><strong><em>τάδε.</em></strong></span> <span class='ocrx_word' id='word_1_335' title='bbox 968 4105 1042 4166; x_wconf 93' lang='grc'><strong>668.</strong></span> <span class='ocrx_word' id='word_1_336' title='bbox 1075 4103 1158 4172; x_wconf 87' lang='grc' dir='ltr'><strong><em>ὅστις</em></strong></span> <span class='ocrx_word' id='word_1_337' title='bbox 1182 4140 1222 4149; x_wconf 94' lang='grc'>-</span> <span class='ocrx_word' id='word_1_338' title='bbox 1246 4103 1460 4165; x_wconf 87' lang='grc' dir='ltr'><strong><em>τούπιτάσσειν</em></strong></span> <span class='ocrx_word' id='word_1_339' title='bbox 1490 4108 1554 4172; x_wconf 87' lang='grc' dir='ltr'><strong><em>τοῖς</em></strong></span> 
     </span>
     <span class='ocr_line' id='line_1_37' title="bbox 325 4188 1553 4277; baseline -0.004 -18"><span class='ocrx_word' id='word_1_340' title='bbox 325 4196 533 4277; x_wconf 89' lang='grc' dir='ltr'><strong><em>κρατύνουσιν</em></strong></span> <span class='ocrx_word' id='word_1_341' title='bbox 556 4201 628 4259; x_wconf 89' lang='grc' dir='ltr'><strong><em>νοεῖ.</em></strong></span> <span class='ocrx_word' id='word_1_342' title='bbox 659 4197 731 4258; x_wconf 90' lang='grc'><strong>778.</strong></span> <span class='ocrx_word' id='word_1_343' title='bbox 758 4196 895 4268; x_wconf 91' lang='grc' dir='ltr'><strong><em>τεύξεται</em></strong></span> <span class='ocrx_word' id='word_1_344' title='bbox 918 4194 953 4258; x_wconf 88' lang='grc' dir='ltr'><strong><em>τδ</em></strong></span> <span class='ocrx_word' id='word_1_345' title='bbox 974 4193 1021 4277; x_wconf 85' lang='grc' dir='ltr'><strong><em>μὴ</em></strong></span> <span class='ocrx_word' id='word_1_346' title='bbox 1045 4194 1163 4256; x_wconf 86' lang='grc' dir='ltr'><strong><em>θανεῖν.</em></strong></span> <span class='ocrx_word' id='word_1_347' title='bbox 1188 4193 1260 4254; x_wconf 90' lang='grc'><strong>535.</strong></span> <span class='ocrx_word' id='word_1_348' title='bbox 1284 4195 1304 4273; x_wconf 86' lang='grc' dir='ltr'><strong><em>ἢ</em></strong></span> <span class='ocrx_word' id='word_1_349' title='bbox 1330 4188 1432 4273; x_wconf 82' lang='grc' dir='ltr'><strong><em>’ξομεῖ</em></strong></span> <span class='ocrx_word' id='word_1_350' title='bbox 1449 4190 1485 4254; x_wconf 92' lang='grc' dir='ltr'><strong><em>τδ</em></strong></span> <span class='ocrx_word' id='word_1_351' title='bbox 1507 4192 1553 4273; x_wconf 83' lang='grc' dir='ltr'><strong><em>μὴ</em></strong></span> 
     </span>
     <span class='ocr_line' id='line_1_38' title="bbox 326 4277 1555 4367; baseline -0.005 -19"><span class='ocrx_word' id='word_1_352' title='bbox 326 4286 456 4362; x_wconf 80' lang='grc' dir='ltr'><strong><em>είδέναι,·</em></strong></span> <span class='ocrx_word' id='word_1_353' title='bbox 489 4285 562 4348; x_wconf 92' lang='grc'><strong>266.</strong></span> <span class='ocrx_word' id='word_1_354' title='bbox 594 4286 792 4367; x_wconf 86' lang='grc' dir='ltr'><strong><em>ὁρκωμοτεῖν</em></strong></span> <span class='ocrx_word' id='word_1_355' title='bbox 812 4286 816 4366; x_wconf 89' lang='grc'><strong><em>]</em></strong></span> <span class='ocrx_word' id='word_1_356' title='bbox 836 4283 871 4347; x_wconf 91' lang='grc' dir='ltr'><strong><em>τδ</em></strong></span> <span class='ocrx_word' id='word_1_357' title='bbox 893 4286 973 4367; x_wconf 90' lang='grc' dir='ltr'><strong><em>μήτε</em></strong></span> <span class='ocrx_word' id='word_1_358' title='bbox 997 4284 1111 4364; x_wconf 88' lang='grc' dir='ltr'><strong><em>δρᾶσαι</em></strong></span> <span class='ocrx_word' id='word_1_359' title='bbox 1134 4287 1191 4346; x_wconf 80' lang='lat' dir='ltr'><strong>etc.</strong></span> <span class='ocrx_word' id='word_1_360' title='bbox 1221 4278 1256 4344; x_wconf 92' lang='lat'><strong><em>0.</em></strong></span> <span class='ocrx_word' id='word_1_361' title='bbox 1273 4280 1305 4344; x_wconf 91' lang='grc'><strong><em>6.</em></strong></span> <span class='ocrx_word' id='word_1_362' title='bbox 1333 4282 1426 4343; x_wconf 90' lang='grc'><strong>1127.</strong></span> <span class='ocrx_word' id='word_1_363' title='bbox 1454 4277 1555 4363; x_wconf 81' lang='grc' dir='ltr'><strong><em>ηὗρον</em></strong></span> 
     </span>
     <span class='ocr_line' id='line_1_39' title="bbox 327 4365 1580 4457; baseline -0.006 -20"><span class='ocrx_word' id='word_1_364' title='bbox 327 4411 368 4419; x_wconf 95' lang='grc'>-</span> <span class='ocrx_word' id='word_1_365' title='bbox 391 4374 426 4437; x_wconf 93' lang='grc' dir='ltr'><strong><em>τδ</em></strong></span> <span class='ocrx_word' id='word_1_366' title='bbox 453 4374 499 4457; x_wconf 81' lang='grc' dir='ltr'><strong><em>μὴ</em></strong></span> <span class='ocrx_word' id='word_1_367' title='bbox 527 4375 766 4457; x_wconf 86' lang='grc' dir='ltr'><strong><em>φευδοστομεῖν.</em></strong></span> <span class='ocrx_word' id='word_1_368' title='bbox 800 4377 872 4436; x_wconf 83' lang='lat' dir='ltr'><strong>Ant.</strong></span> <span class='ocrx_word' id='word_1_369' title='bbox 898 4374 970 4436; x_wconf 87' lang='lat'><strong>236.</strong></span> <span class='ocrx_word' id='word_1_370' title='bbox 1002 4379 1058 4457; x_wconf 85' lang='grc' dir='ltr'><strong><em>τῆς</em></strong></span> <span class='ocrx_word' id='word_1_371' title='bbox 1089 4371 1215 4441; x_wconf 80' lang='grc' dir='ltr'><strong><em>ἐλπίδος</em></strong></span> <span class='ocrx_word' id='word_1_372' title='bbox 1238 4407 1279 4416; x_wconf 92' lang='lat'><strong><em>-—</em></strong></span> <span class='ocrx_word' id='word_1_373' title='bbox 1310 4370 1524 4452; x_wconf 82' lang='grc' dir='ltr'><strong><em>δεδραγμένος</em></strong></span> <span class='ocrx_word' id='word_1_374' title='bbox 1548 4365 1580 4455; x_wconf 85' lang='grc' dir='ltr'>Ι</span> 
     </span>
     <span class='ocr_line' id='line_1_40' title="bbox 325 4459 1264 4546; baseline -0.004 -20"><span class='ocrx_word' id='word_1_375' title='bbox 325 4464 360 4527; x_wconf 89' lang='grc' dir='ltr'><strong><em>τδ</em></strong></span> <span class='ocrx_word' id='word_1_376' title='bbox 382 4464 429 4546; x_wconf 84' lang='grc' dir='ltr'><strong><em>μὴ</em></strong></span> <span class='ocrx_word' id='word_1_377' title='bbox 452 4464 568 4528; x_wconf 89' lang='grc' dir='ltr'><strong><em>παθεῖν</em></strong></span> <span class='ocrx_word' id='word_1_378' title='bbox 591 4466 631 4527; x_wconf 88' lang='grc' dir='ltr'><strong><em>ἀν</em></strong></span> <span class='ocrx_word' id='word_1_379' title='bbox 646 4470 703 4528; x_wconf 83' lang='lat' dir='ltr'><strong>eto.</strong></span> <span class='ocrx_word' id='word_1_380' title='bbox 727 4465 801 4526; x_wconf 86' lang='grc'><strong>443.</strong></span> <span class='ocrx_word' id='word_1_381' title='bbox 826 4460 861 4526; x_wconf 93' lang='lat'><strong><em>0.</em></strong></span> <span class='ocrx_word' id='word_1_382' title='bbox 879 4461 910 4526; x_wconf 90' lang='grc'><strong><em>6.</em></strong></span> <span class='ocrx_word' id='word_1_383' title='bbox 938 4464 1031 4527; x_wconf 89' lang='grc'><strong>1706.</strong></span> <span class='ocrx_word' id='word_1_384' title='bbox 1056 4459 1091 4525; x_wconf 93' lang='lat'><strong><em>0.</em></strong></span> <span class='ocrx_word' id='word_1_385' title='bbox 1107 4459 1144 4522; x_wconf 89' lang='lat' dir='ltr'><strong><em>R.</em></strong></span> <span class='ocrx_word' id='word_1_386' title='bbox 1170 4461 1264 4524; x_wconf 89' lang='grc'><strong>1388.</strong></span> 
     </span>
    </p>

    <p class='ocr_par' dir='ltr' id='par_1_16' title="bbox 327 4546 1554 4724">
     <span class='ocr_line' id='line_1_41' title="bbox 416 4546 1554 4633; baseline -0.004 -18"><span class='ocrx_word' id='word_1_387' title='bbox 416 4553 489 4615; x_wconf 95' lang='grc'><strong>470.</strong></span> <span class='ocrx_word' id='word_1_388' title='bbox 514 4553 559 4618; x_wconf 88' lang='grc'><strong><em>61.</em></strong></span> <span class='ocrx_word' id='word_1_389' title='bbox 583 4554 680 4617; x_wconf 82' lang='lat' dir='ltr'><strong>Arist.</strong></span> <span class='ocrx_word' id='word_1_390' title='bbox 706 4554 763 4616; x_wconf 78' lang='lat' dir='ltr'><strong><em>AV.</em></strong></span> <span class='ocrx_word' id='word_1_391' title='bbox 791 4553 884 4616; x_wconf 94' lang='grc'><strong>1506.</strong></span> <span class='ocrx_word' id='word_1_392' title='bbox 922 4551 987 4615; x_wconf 86' lang='grc' dir='ltr'><strong><em>ἀπὸ</em></strong></span> <span class='ocrx_word' id='word_1_393' title='bbox 1024 4551 1084 4633; x_wconf 82' lang='grc' dir='ltr'><strong><em>γάρ</em></strong></span> <span class='ocrx_word' id='word_1_394' title='bbox 1118 4548 1240 4630; x_wconf 74' lang='grc' dir='ltr'><strong><em>ἀλοῦγί,</em></strong></span> <span class='ocrx_word' id='word_1_395' title='bbox 1278 4547 1368 4630; x_wconf 83' lang='grc' dir='ltr'><strong><em>εἴμ’</em></strong></span> <span class='ocrx_word' id='word_1_396' title='bbox 1396 4546 1507 4611; x_wconf 77' lang='grc' dir='ltr'><strong><em>ἐνθάδ’</em></strong></span> <span class='ocrx_word' id='word_1_397' title='bbox 1535 4547 1554 4610; x_wconf 88' lang='grc' dir='ltr'><strong><em>δ</em></strong></span> 
     </span>
     <span class='ocr_line' id='line_1_42' title="bbox 327 4641 930 4724; baseline -0.002 -20"><span class='ocrx_word' id='word_1_398' title='bbox 327 4641 408 4712; x_wconf 86' lang='grc' dir='ltr'><strong><em>Ζεὺς</em></strong></span> <span class='ocrx_word' id='word_1_399' title='bbox 431 4643 550 4724; x_wconf 84' lang='grc' dir='ltr'><strong><em>ὄψεται.</em></strong></span> <span class='ocrx_word' id='word_1_400' title='bbox 928 4685 930 4692; x_wconf 78' lang='lat'><em>·</em></span> 
     </span>
    </p>

    <p class='ocr_par' dir='ltr' id='par_1_17' title="bbox 328 4726 1554 4885">
     <span class='ocr_line' id='line_1_43' title="bbox 415 4726 1554 4814; baseline -0.004 -21"><span class='ocrx_word' id='word_1_401' title='bbox 415 4733 489 4795; x_wconf 89' lang='grc'><strong>471.</strong></span> <span class='ocrx_word' id='word_1_402' title='bbox 514 4730 558 4795; x_wconf 88' lang='grc'><strong><em>61.</em></strong></span> <span class='ocrx_word' id='word_1_403' title='bbox 582 4733 633 4814; x_wconf 80' lang='lat' dir='ltr'><strong>Aj.</strong></span> <span class='ocrx_word' id='word_1_404' title='bbox 658 4731 730 4794; x_wconf 91' lang='grc'><strong>607.</strong></span> <span class='ocrx_word' id='word_1_405' title='bbox 755 4730 802 4793; x_wconf 77' lang='lat' dir='ltr'><strong><em>El.</em></strong></span> <span class='ocrx_word' id='word_1_406' title='bbox 827 4729 994 4794; x_wconf 65' lang='grc'><strong>471160.</strong></span> <span class='ocrx_word' id='word_1_407' title='bbox 1020 4729 1093 4791; x_wconf 93' lang='grc'><strong>706.</strong></span> <span class='ocrx_word' id='word_1_408' title='bbox 1116 4727 1191 4791; x_wconf 82' lang='lat' dir='ltr'><strong>Eur.</strong></span> <span class='ocrx_word' id='word_1_409' title='bbox 1216 4727 1284 4791; x_wconf 81' lang='lat' dir='ltr'><strong>Alc.</strong></span> <span class='ocrx_word' id='word_1_410' title='bbox 1310 4727 1382 4790; x_wconf 91' lang='grc'><strong>641.</strong></span> <span class='ocrx_word' id='word_1_411' title='bbox 1407 4726 1478 4790; x_wconf 81' lang='lat' dir='ltr'><strong>Hel.</strong></span> <span class='ocrx_word' id='word_1_412' title='bbox 1503 4727 1554 4788; x_wconf 88' lang='grc'><strong>57.</strong></span> 
     </span>
     <span class='ocr_line' id='line_1_44' title="bbox 328 4818 1260 4885; baseline -0.003 -2"><span class='ocrx_word' id='word_1_413' title='bbox 328 4821 439 4884; x_wconf 79' lang='grc' dir='ltr'><strong><em>Αεεολι.</em></strong></span> <span class='ocrx_word' id='word_1_414' title='bbox 464 4821 569 4884; x_wconf 91' lang='lat' dir='ltr'><strong>Prom.</strong></span> <span class='ocrx_word' id='word_1_415' title='bbox 595 4823 668 4885; x_wconf 85' lang='lat'><strong>518.</strong></span> <span class='ocrx_word' id='word_1_416' title='bbox 691 4821 789 4884; x_wconf 76' lang='lat' dir='ltr'><strong>Arist.</strong></span> <span class='ocrx_word' id='word_1_417' title='bbox 814 4819 896 4884; x_wconf 90' lang='lat' dir='ltr'><strong>Nub.</strong></span> <span class='ocrx_word' id='word_1_418' title='bbox 923 4819 1017 4882; x_wconf 85' lang='lat'><strong>1236.</strong></span> <span class='ocrx_word' id='word_1_419' title='bbox 1039 4818 1162 4882; x_wconf 80' lang='lat' dir='ltr'><strong>Thesm.</strong></span> <span class='ocrx_word' id='word_1_420' title='bbox 1187 4819 1260 4880; x_wconf 91' lang='grc'><strong>887.</strong></span> 
     </span>
    </p>
   </div>
   <div class='ocr_carea' id='block_1_5' title="bbox 0 0 1998 5850">
    <p class='ocr_par' dir='ltr' id='par_1_18' title="bbox 0 0 1998 5850">
     <span class='ocr_line' id='line_1_45' title="bbox 0 0 1998 5850; baseline 0 0"><span class='ocrx_word' id='word_1_421' title='bbox 0 0 1998 5850; x_wconf 95' lang='lat' dir='ltr'><strong><em> </em></strong></span> 
     </span>
    </p>
   </div>
  </div>
 </body>
</html>
