3984 5850
796 707 922 754 οιισινσε
945 709 1008 754 arx
1451 692 1515 754 293

286 869 424 951 πλήρεος
447 867 553 938 ἐόντος
576 873 632 931 τοῦ
656 867 776 932 κύκλου
798 871 851 948 (sc.
874 868 1102 951 τῆςσελήνης).
1127 867 1207 932 Piae
1223 866 1295 951 Lys.
1312 869 1376 931 212
1392 869 1430 933 Ι).
1454 869 1515 933 οῦκ

286 959 349 1038 ἀρα
373 957 434 1021 ἐστί
457 958 549 1040 φίλον
570 965 617 1039 τῷ
640 958 780 1039 φιλοῦντι
801 957 846 1040 μὴ
865 959 924 1022 οὐκ
941 958 1130 1040 ἀντιφιλοῦν.
1198 959 1324 1041 ἔχωντι
1340 958 1515 1044 σύμβολον]

287 1047 330 1110 Of.
352 1047 445 1110 1058.
469 1047 529 1110 οὐκ
553 1048 593 1110 ἂν
616 1048 735 1128 γένοιτο
758 1046 849 1110 τοῦθ’
865 1047 956 1118 ὅπως
979 1047 1044 1128 ἐγὼ
1067 1046 1195 1129 λαβὼν
1216 1051 1219 1128 ]
1240 1053 1376 1130 σημεῖα
1399 1048 1516 1110 τοιαῦτ’

287 1138 326 1200 οὐ
358 1141 454 1218 φανῶ
486 1135 606 1218 τούμὸν
642 1137 740 1218 γένος.
779 1135 858 1198 Phil.
887 1137 961 1199 403.
999 1137 1151 1218 ἔχοντες
1186 1137 1383 1219 σύμβολον
1416 1137 1516 1217 σαφὲς

286 1227 397 1308 λύπης.
430 1225 505 1288 Eur.
529 1224 623 1289 Rhes.
649 1225 721 1287 220.
741 1224 924 1295 Ὀδυσσέως
944 1225 948 1308 ]
970 1227 1049 1288 οῖσω
1071 1226 1156 1307 κάρα
1180 1248 1243 1298 σοι,
1268 1226 1463 1308 σύμβολον
1487 1225 1515 1288 δ’

286 1317 385 1397 ἔχων
409 1313 508 1397 σσφές
529 1313 532 1396 ]
553 1315 663 1396 φήσεις
687 1351 742 1377 -—.
771 1313 846 1378 Eur.
870 1313 917 1376 El.
942 1316 1015 1378 577.
1044 1314 1229 1396 συμβόλοισι
1257 1314 1318 1396 γάρ
1339 1318 1342 1395 ]
1362 1321 1427 1385 τοῖς
1449 1321 1517 1385 σοῖς

286 1406 455 1486 πέπεισμαι
478 1403 594 1484 θυμόν.
628 1403 719 1466 Pind.
744 1401 790 1466 Ol.
815 1402 889 1467 XII.
917 1403 965 1465 10.
999 1404 1161 1485 σύμβολον
1185 1404 1213 1468 θ’
1237 1405 1330 1467 οῦπω
1358 1427 1401 1474 τις
1428 1404 1515 1487 ἐπιχ-

286 1495 408 1556 θονίων
439 1493 549 1556 πιστὸν
581 1493 664 1575 ἀμφὶ
695 1494 828 1574 πράξιος
860 1493 1033 1575 ἐσσομένας
1069 1491 1166 1574 ηὗρεν
1203 1493 1329 1557 θεόθεν.
1373 1492 1516 1556 Verbum

287 1583 368 1664 ἔχειν
390 1601 455 1644 non
479 1601 548 1644 raro
573 1582 737 1664 adipisci
761 1580 919 1664 significat
942 1588 977 1645 ut
999 1584 1035 1645 in
1057 1581 1106 1645 El.
1132 1581 1225 1646 1464.
1253 1590 1300 1663 τῴ
1323 1581 1383 1664 γὰρ
1406 1582 1516 1665 χρόνῳ

287 1677 365 1734 νοῦν
387 1673 488 1753 ἔσχον.
516 1671 609 1734 1013.
633 1671 710 1754 αῦτη
737 1671 771 1734 δὲ
794 1676 871 1734 νοῦν
893 1672 973 1753 σχές.
999 1670 1079 1734 Phil.
1098 1672 1192 1734 1420.
1216 1671 1379 1735 ἀθάνατον
1401 1671 1515 1754 ἀρετὴν

288 1762 383 1842 ἔσχον
406 1761 435 1839 (i.
459 1757 580 1842 ηὗρον).
620 1760 765 1824 Ceterum
791 1761 964 1843 particulae
986 1760 1033 1843 μὴ
1058 1761 1097 1824 οὐ
1120 1761 1304 1824 coalescunt
1326 1765 1361 1824 ut
1383 1762 1417 1823 in
1443 1763 1515 1823 555.

287 1851 401 1913 Aasch.
418 1848 501 1932 Sept.
526 1850 598 1912 204.
622 1849 697 1912 Eur.
721 1847 798 1913 Hoc.
826 1849 918 1911 1081.
942 1849 1057 1913 Bacch.
1082 1850 1155 1913 638.
1179 1857 1237 1914 etc.

377 1957 449 2019 222.
473 1961 530 2018 νῦν
547 1955 591 2040 δ’]
617 1955 660 2019 of.
678 1956 726 2020 El.
745 1956 839 2018 1334.
907 1955 1081 2040 acad-1
1103 1955 1192 2021 Haec
1208 1962 1413 2040 opponuntur
1427 1977 1516 2040 prae·
1637 1984 1644 1997 ·

286 2045 473 2109 cedentibus
489 2044 594 2108 verbis
610 2046 680 2126 ἁγὼ
697 2047 786 2118 ξένος
796 2081 851 2107 -.
906 2045 1046 2130 ὕστερος]
1070 2045 1118 2109 Sc.
1133 2051 1189 2109 τοῦ
1205 2047 1403 2127 πραχθέντος
1419 2047 1515 2127 (220).

287 2134 347 2197 Sed
366 2134 588 2216 corrigendum
607 2137 733 2198 videtur
755 2135 893 2215 ὕστερον.
958 2137 1001 2205 είς
1024 2133 1138 2204 ἀστοὺς
1152 2135 1249 2217 τελῶ]
1273 2136 1297 2199 Ι.
1314 2154 1340 2198 e.
1364 2137 1407 2204 εἰς
1429 2134 1515 2205 τέλος

286 2225 424 2288 πολιτῶν
457 2227 598 2306 ἔρχομαι.
639 2225 683 2287 Cf.
712 2225 786 2288 Eur.
815 2224 927 2287 Bacch.
958 2225 1031 2287 820.
1070 2225 1112 2294 εἰς
1145 2229 1296 2305 γυναῖκας
1332 2225 1367 2297 ἐξ
1398 2224 1516 2305 ἀνδρὸς

285 2313 381 2388 τελῶ,·
419 2311 493 2376 Eur.
523 2313 571 2375 Fr.
600 2315 679 2392 492,
705 2316 732 2376 5.
765 2314 808 2383 είς
840 2313 969 2393 ἀνόρῶν
1006 2313 1066 2395 μὲν
1101 2313 1139 2376 σύ
1164 2313 1169 2396 l
1194 2314 1335 2376 τελοῦσιν
1366 2313 1514 2394 ἀριθμόν.

287 2401 404 2467 Herod.
430 2403 484 2465 VI.
504 2403 575 2465 108.
598 2401 672 2472 τοὺς
694 2402 740 2485 μὴ
763 2403 982 2484 βουλομένους
1005 2403 1038 2472 ἐς
1060 2401 1226 2472 Βοιωτοὺς
1247 2403 1366 2466 τελέειν.
1390 2401 1446 2465 Vl.
1464 2403 1515 2465 53.

286 2491 318 2561 ἐς
335 2490 490 2574 Ἕλληνας
512 2492 638 2556 ἐτέλεον.
664 2494 758 2555 Arist.
781 2491 813 2555 T.
838 2491 860 2553 Ι.
884 2510 912 2574 p.
939 2493 988 2554 91.
1013 2493 1056 2561 εἰς
1072 2490 1227 2574 Ἕλληνας
1249 2492 1351 2554 τελεῖν.

377 2599 450 2660 223.
473 2599 548 2680 ὑμῖν
579 2598 764 2682 προφωνῶ]
797 2597 916 2662 Edico
948 2597 1066 2661 vobis.
1105 2597 1149 2661 Of.
1178 2599 1228 2680 Aj.
1256 2591 1349 2661 1089.
1381 2598 1438 2660 καί
1467 2620 1516 2661 σοι

286 2693 455 2770 προφωνῶ
478 2689 568 2751 τόνόε
590 2689 635 2771 μὴ
660 2688 799 2752 θάπτειν.

377 2795 450 2856 227.
476 2793 708 2858 Vauvillarsius
740 2795 787 2858 sic
820 2798 904 2859 recta
937 2795 1090 2878 explicat:
1124 2793 1191 2874 ι111,
1219 2795 1246 2856 si
1270 2794 1400 2876 quidam
1424 2795 1516 2858 timet

288 2885 359 2967 quis
392 2885 639 2966 accusationem,
675 2886 743 2967 ipse
780 2884 862 2948 clam
898 2890 1102 2967 praevertens
1140 2885 1342 2967 semetipsum
1379 2883 1515 2947 indicet:

287 2974 416 3037 illaesus
439 2975 524 3037 enim
548 2974 649 3037 abibit
671 2974 738 3039 etc)
778 2974 822 3038 Of.
845 2974 893 3036 Tr.
910 2974 983 3035 457.
1008 2975 1059 3037 κεί
1078 2973 1137 3056 μὲν
1162 2973 1322 3046 όέάοικσς,
1347 2974 1386 3037 οὑ
1408 2972 1516 3043 καλῶς

286 3065 423 3145 ταρβεῖς,
456 3063 521 3126 ἐπεὶ
549 3062 611 3127 κτλ.
647 3063 741 3127 Arish
764 3061 843 3125 Ran.
869 3063 963 3126 1109.
999 3064 1028 3125 εί
1059 3063 1093 3126 ἀὲ
1125 3068 1216 3126 τοῦτο
1248 3062 1515 3145 καταφοβεῖσθον,

287 3153 332 3235 μή
365 3177 408 3222 τις
441 3153 564 3236 ἀμαθία
597 3160 717 3236 προσῇ,
742 3189 783 3197 -
807 3152 909 3235 μηδὲν
937 3152 1107 3233 ὀρρωδεῖτε
1129 3151 1231 3223 τοῦθ’,
1262 3152 1360 3215 Thrac.
1387 3150 1439 3214 Vl.
1464 3152 1515 3214 21.

287 3243 485 3324 ἐψηφίσαντο
507 3242 561 3304 καὶ
593 3244 624 3304 εἴ
649 3266 693 3311 τις
724 3241 800 3305 ἀλλο
831 3266 858 3303 τι
891 3240 976 3304 οἶδεν
1008 3241 1154 3323 ἀσέβημα
1187 3242 1402 3323 γεγενημένον.
1432 3240 1515 3303 Xon.

289 3330 377 3393 Vect.
400 3330 455 3395 IV.
480 3332 531 3394 41.
556 3332 585 3393 εἰ
606 3331 641 3394 όέ
662 3354 740 3400 τινες
763 3328 804 3393 αὑ
828 3332 1003 3413 φοβοῦνται
1025 3330 1070 3412 μὴ
1089 3367 1144 3390 -.
1212 3329 1416 3413 τοὺπίκλημ’]
1440 3329 1514 3391 The

288 3421 431 3504 charge.
471 3421 494 3484 l.
520 3440 548 3501 q.
572 3420 723 3501 ἔγκλημα.
763 3420 808 3483 Of.
834 3421 905 3482 529.
996 3418 1166 3503 ὑπεξελεῖν]
1194 3417 1237 3480 Of.
1261 3418 1309 3481 El.
1336 3420 1429 3481 1420.
1453 3442 1514 3481 πα-

287 3510 432 3591 λίρρυτον
465 3509 525 3591 γὰρ
558 3510 625 3591 αἷμ’
649 3510 852 3590 ὑπεξαιροῦσι
884 3513 948 3571 τῶν
975 3507 1156 3571 κτανόντων
1184 3510 1214 3571 σί
1236 3507 1332 3570 πάλαι
1355 3508 1515 3576 θανόντες.

290 3598 477 3681 2169112.
501 3596 530 3662 ὦ
553 3599 705 3680 γλῶσσαι,
728 3603 799 3668 πῶς
824 3599 901 3679 θῆτα
925 3597 1026 3679 τλήσει
1049 3596 1171 3679 πρᾶγμ’
1195 3595 1352 3669 ὑπεξελεῖν
1376 3596 1515 3676 (ὑπεξελ-

289 3689 360 3751 θεῖν
383 3688 480 3770 vulg.)
503 3688 591 3763 τόάε,·
615 3686 741 3751 Rhetor.
766 3686 805 3749 ad
830 3686 921 3750 Alex.
949 3687 1042 3748 1432.
1066 3685 1307 3768 προκατάληφίς
1329 3686 1391 3747 ἐστι
1415 3684 1454 3747 ὅτ’
1478 3682 1517 3767 ἧς

288 3778 325 3839 τά
348 3800 380 3841 τε
403 3783 467 3840 τῶν
490 3778 676 3840 ἀκουόντων
699 3777 907 3858 ἐπιτιμήματα
935 3775 989 3838 καλ
1015 3774 1090 3845 τοὺς
1111 3781 1176 3839 τῶν
1199 3774 1363 3855 ἀντιλέγειν
1385 3774 1515 3855 μελλόν-

287 3890 351 3931 των
366 3867 480 3948 λόγους
495 3866 855 3948 προκαταλαμβάνοντες
878 3865 1111 3946 ὑπεξαιρήσο
1116 3888 1185 3946 μεν
1207 3864 1262 3933 τὰς
1285 3864 1517 3945 ἐπιφερομένας

289 3957 478 4039 ὁυσχερείσς.
512 3956 670 4040 Aphthon.
700 3955 784 4039 apud
809 3954 907 4016 Walz.
935 3954 959 4017 l.
987 3974 1016 4037 p.
1041 3958 1092 4016 84.
1129 3960 1186 4017 νῦν
1224 3953 1259 4016 δὲ
1290 3958 1354 4016 ποῦ
1395 3953 1517 4016 δίκαιον

288 4048 386 4115 αἰτίας
408 4046 602 4119 ὑπεξελεῖν
624 4044 678 4109 τὸν
701 4043 765 4125 πρὸ
781 4049 844 4107 τῶν
867 4044 972 4124 ἔργων
993 4049 1031 4125 τῇ
1048 4043 1160 4125 γνώμη
1177 4042 1364 4124 γενόμενον,·
1387 4040 1516 4105 Lucian.

286 4136 364 4198 Tox.
389 4135 440 4196 42.
473 4134 527 4198 τὸν
559 4134 651 4217 φίλον
688 4134 885 4207 ὑπεξελεῖν
916 4133 1114 4214 πειρώμενος
1149 4138 1206 4196 τοῦ
1240 4132 1407 4213 όήγματος.
1441 4131 1516 4194 Eur.

287 4223 383 4306 Hipp.
408 4224 481 4286 633.
515 4223 612 4305 ὄλβον
640 4223 801 4305 ἀωμάτων
823 4222 992 4296 ὑπεξελών.
1027 4221 1143 4284 Phoen.
1170 4222 1241 4284 998.
1270 4221 1317 4290 ῶς
1340 4218 1375 4283 εὑ
1398 4218 1517 4300 πατρὸς

288 4314 404 4386 ἐξεῖλον
436 4313 549 4396 φόβον.
574 4312 656 4376 Med.
680 4313 754 4375 487.
786 4312 888 4374 πάντα
913 4310 941 4374 δ’
965 4311 1082 4383 ἐξεῖλον
1105 4311 1218 4392 φόβον.
1245 4310 1317 4373 900.
1340 4310 1434 4391 πατρὶ
1456 4314 1516 4371 νεῖ-

287 4424 345 4471 κσς
369 4404 585 4484 ἐξαιρουμένη.
610 4402 706 4465 Arist.
722 4400 801 4465 Ran.
820 4402 892 4464 688.
916 4406 1045 4481 πρῶτον
1061 4397 1119 4463 οὑν
1142 4401 1217 4482 ἡμῖν
1237 4399 1349 4480 ἀσκεῖ]
1370 4399 1518 4471 ἐξισῶσαι

288 4490 362 4562 τοὺς
384 4492 511 4561 πολίτας
534 4491 683 4572 κάφελεῖν
705 4490 742 4553 τὰ
768 4490 906 4572 δείματα.
933 4489 1030 4553 Thuc.
1056 4488 1146 4551 142.
1174 4495 1229 4570 τῆς
1253 4488 1288 4551 ἀὲ
1310 4488 1518 4569 ὑπαρχούσης

290 4618 330 4626 -
348 4582 489 4661 ὑποψίας
508 4586 642 4662 σῶφρον
666 4581 791 4663 ὑφελεῖν
818 4579 947 4661 μᾶλλον.
978 4579 1074 4641 lsocr.
1091 4597 1116 4641 o.
1132 4576 1201 4640 Nic.
1221 4578 1270 4640 19.
1293 4576 1367 4647 τοὺς
1391 4576 1517 4657 φόβους

288 4670 404 4750 ἐξαιρῶ
440 4674 504 4731 τῶν
541 4670 686 4733 πολιτῶν.
725 4669 807 4732 Plut.
836 4668 913 4732 Mor.
942 4688 970 4750 p.
1000 4668 1064 4729 635
1087 4669 1124 4730 Α.
1160 4667 1217 4748 τὴν
1253 4672 1309 4729 τοῦ
1348 4666 1518 4746 ἀλγοῦντος

288 4758 492 4841 ὑπεξαίρεσιν.
517 4758 700 4824 Platonium
725 4758 761 4819 V.
787 4760 815 4820 3.
844 4758 862 4821 ό
887 4756 947 4840 γὰρ
977 4756 1080 4838 δῆμος
1104 4754 1159 4819 τὸν
1191 4755 1295 4839 φόβον
1327 4755 1431 4839 ἐξῄρει
1453 4759 1518 4819 τῶν
