3984 5850
841 739 967 785 orhrrns
989 741 1051 784 arx
1494 722 1556 785 301

423 899 495 961 318.
520 897 670 982 διώλεσε]
696 897 801 961 Have
823 898 878 962 let
900 899 988 982 slip,
1022 899 1116 963 have
1144 899 1347 980 forgotten.
1386 899 1410 962 Ι.
1435 919 1463 982 q.
1488 901 1558 963 ἐπε-

334 987 487 1070 λαθόμην.
531 985 583 1050 Sic
617 987 811 1070 διαφθείρειν
847 988 1019 1071 aliquando
1057 988 1240 1053 oblivisci
1275 988 1447 1072 significat,
1484 988 1559 1052 Eur.

332 1076 426 1159 Hipp.
452 1076 524 1140 391.
565 1075 617 1140 Sic
640 1078 735 1140 etiam
751 1079 865 1151 σώζειν
881 1078 1064 1158 (σώζεσθαι)
1079 1078 1276 1142 recordari
1292 1077 1462 1160 significet,
1479 1078 1514 1141 O.
1526 1078 1558 1142 0.

334 1166 429 1228 1530.
453 1165 502 1229 Tr.
527 1167 600 1228 682.
625 1164 699 1228 Eur.
722 1165 794 1230 Hel.
820 1167 892 1228 266.
917 1166 995 1230 Plat.
1018 1166 1092 1230 0111.
1108 1187 1136 1250 p.
1156 1168 1227 1230 172.
1296 1169 1335 1231 οὐ
1359 1167 1420 1250 γὰρ
1443 1169 1483 1230 ἂν
1500 1167 1558 1252 -]

422 1343 485 1406 320
502 1364 547 1427 sq.
571 1343 617 1407 01.
642 1341 716 1408 Eur.
740 1345 859 1410 Phoen.
885 1346 950 1409 894
966 1365 1012 1429 sq.
1094 1345 1130 1409 τὸ
1153 1346 1211 1409 σόν
1232 1370 1264 1410 τε
1287 1345 1343 1430 σὺ]
1367 1345 1392 1410 Ι.
1416 1367 1442 1411 e.
1466 1346 1505 1410 σύ
1527 1371 1560 1410 τε

330 1432 365 1496 τὸ
389 1432 446 1496 σὸν
469 1433 622 1513 (διοίσεις).

422 1524 495 1585 321.
520 1522 645 1607 διοίσω]
679 1522 725 1587 01.
754 1522 829 1586 Eur.
858 1523 954 1608 Hipp.
981 1524 1075 1587 1143.
1114 1524 1248 1606 δάκρυσι
1285 1525 1395 1588 διοίσω
1426 1526 1558 1607 πότμον.

333 1610 404 1676 Hel.
429 1613 502 1674 253.
530 1613 696 1695 συμφέρον
724 1612 759 1676 δέ
781 1635 831 1677 σοι
851 1615 856 1696 Ι
876 1613 923 1684 ὡς
945 1614 1045 1695 ῥᾷστα
1072 1614 1246 1696 τάναγκαῖα
1269 1620 1325 1678 τοῦ
1347 1616 1420 1697 βίου
1444 1617 1559 1697 φέρειν.

422 1719 495 1782 324.
519 1719 594 1782 οὐδὲ
618 1718 682 1803 συί]
707 1720 797 1783 Also
820 1725 945 1784 netto
969 1741 1053 1803 you.

423 1809 495 1871 325.
519 1809 600 1889 πρὸς
623 1807 747 1892 καιρόν]
772 1807 1001 1893 Opportune.
1040 1808 1084 1874 01.
1102 1811 1151 1873 Tr.
1169 1813 1219 1874 59.
1243 1810 1324 1893 πρὸς
1339 1809 1453 1891 καιρὸν
1476 1811 1559 1874 ἔννέ·

333 1921 410 1960 πειν.
434 1896 490 1960 Ph.
518 1899 611 1961 1279.
634 1898 717 1981 πρὸς
739 1898 852 1981 καιρὸν
875 1898 984 1981 λέγων.
1010 1901 1058 1983 Aj.
1083 1901 1134 1963 38.
1173 1899 1226 1964 Sic
1248 1900 1331 1981 πρὸς
1352 1901 1433 1982 βίαν,
1459 1902 1559 1984 χάριν,

333 1987 501 2070 εὐσέβειαν,
533 1987 662 2070 ἡδονὴν,
691 1987 799 2070 ὀργὴν,
833 1989 984 2072 ἀνάγκην,
1017 1988 1115 2071 ἰσχὺν,
1152 1990 1253 2072 κόρον
1285 1996 1343 2054 ete.
1433 1989 1480 2060 ὥς
1503 1988 1561 2053 οὖν

332 2076 410 2159 μηδ’
434 2077 498 2158 ἐγὼ
520 2075 581 2160 -]
606 2076 651 2140 01.
675 2077 750 2140 Ant.
775 2078 848 2140 215.
876 2078 922 2148 ὡς
950 2076 1009 2142 σιἰν
1032 2079 1148 2142 σκοπολ
1179 2085 1236 2143 νῦν
1262 2077 1316 2162 ᾖτε
1342 2084 1407 2143 τῶν
1435 2080 1559 2161 εἰρημέ-

333 2189 399 2230 νων
415 2203 471 2229 -.
495 2164 555 2245 (Ita
577 2167 662 2229 enim
686 2168 745 2231 iste
772 2167 862 2230 loeus
890 2167 1045 2250 legendus
1068 2168 1215 2248 videtur.)
1282 2169 1360 2251 μηδ
1384 2166 1465 2251 ἐγὼ]
1489 2167 1513 2230 Ι,
1530 2187 1559 2249 q,

332 2254 377 2338 μὴ
402 2255 456 2319 καὶ
478 2255 550 2337 ἐγώ.
590 2255 634 2320 01.
661 2256 754 2319 1409.

424 2363 496 2425 326.
520 2368 653 2445 φρονῶν
676 2363 717 2447 γ’]
741 2363 778 2427 11
798 2370 834 2427 ot
856 2363 953 2428 least
974 2384 1050 2446 γοα
1074 2384 1135 2428 are
1158 2366 1257 2428 wise.

424 2452 497 2514 328.
520 2453 633 2522 πάντες
657 2451 717 2535 γὰρ
742 2453 799 2538 -]
829 2452 1094 2518 Subeudiendum
1122 2455 1326 2536 προσκυνεῐτέ
1352 2478 1393 2536 με
1420 2455 1560 2537 ίκτήριοι.

378 2541 443 2622 ἐγὼ
467 2540 496 2604 δ’
521 2540 581 2626 -]
614 2539 717 2606 Schol.
745 2562 806 2607 ree.
844 2543 883 2606 οὐ
914 2543 960 2625 μή
993 2566 1070 2606 ποτε
1097 2545 1178 2607 εἴπω
1204 2543 1241 2607 τὰ
1270 2543 1345 2626 ἐμὰ,
1378 2545 1478 2626 ἤγουν
1504 2543 1561 2627 τὴν

335 2629 414 2712 ἐμὴν
436 2631 593 2712 μαντείαν,
627 2631 673 2701 ὡς
701 2633 741 2694 ἂν
767 2632 813 2715 μὴ
838 2632 983 2714 ἐκφήνω,
1016 2633 1117 2714 ἤγουν
1140 2632 1264 2715 φανερὰ
1287 2634 1427 2714 ποιήσω,
1460 2631 1496 2695 τὰ
1521 2632 1560 2696 σὰ

334 2721 428 2782 κακά.
496 2721 535 2783 οὐ
558 2721 768 2803 μήποτε-
793 2720 889 2806 εἴπω]
914 2721 957 2784 01.
982 2723 1079 2786 Arist.
1103 2721 1175 2786 Pac.
1201 2723 1295 2785 1037.
1323 2721 1398 2786 ὥστ’
1422 2723 1493 2805 οὐχὶ
1514 2722 1560 2805 μὴ

333 2810 440 2891 παύσῃ
463 2809 534 2873 ποτ’
558 2811 606 2872 ὢν
629 2809 769 2892 ζηλωτὸς
792 2811 916 2874 ἅπασιν.

424 2917 497 2980 329.
520 2916 557 2980 τὰ
581 2916 625 3001 α’]
650 2916 674 2981 Ι.
691 2936 716 2981 e.
740 2916 776 2981 τὰ
800 2917 848 2982 σά.
878 2917 922 2982 01.
940 2920 1014 2983 405.
1039 2918 1086 2982 ΕΙ.
1105 2919 1198 2983 1499.
1217 2920 1289 2983 329.
1312 2917 1369 2982 Ph.
1388 2918 1460 2982 339.
1484 2916 1560 2982 Eur.

335 3005 442 3090 Suppl.
459 3008 533 3069 257.
556 3005 631 3070 Eur.
655 3006 702 3069 ΕΙ.
728 3008 801 3069 273.
825 3008 906 3072 ὥστε
928 3011 1045 3091 στέγειν
1068 3033 1103 3090 γε
1124 3009 1209 3091 τάμὰ
1232 3010 1286 3073 καλ
1310 3007 1338 3072 α’
1361 3010 1421 3090 ἔπη
1445 3009 1561 3078 καλῶς.

334 3095 405 3159 Hel.
430 3098 481 3159 85.
507 3098 579 3159 584.
604 3096 676 3159 586.
702 3095 770 3160 Tro.
796 3098 867 3160 918.
892 3097 958 3181 Iph.
982 3099 1014 3162 T.
1041 3099 1134 3162 1005.
1159 3097 1245 3181 ΟγοΙ.
1269 3098 1342 3161 230.
1367 3100 1440 3161 267.

424 3186 497 3248 330.
522 3185 689 3269 ξυνειδὼς]
714 3184 816 3249 Schol.
840 3205 900 3251 ree.
925 3188 1043 3271 εἴδησιν
1066 3189 1151 3270 ἔχων
1172 3193 1228 3251 τοῦ
1251 3189 1445 3269 πράγματος.

425 3276 498 3337 332.
522 3274 606 3337 ταῦτ’
628 3273 713 3359 1-]
747 3274 790 3338 of.
819 3275 858 3339 ad
884 3277 934 3339 29.
973 3278 1159 3341 Athenaeus
1191 3280 1323 3360 (11463
1339 3276 1390 3356 11.)
1419 3276 1563 3341 elisionis

336 3365 429 3447 hujus
456 3363 657 3427 insolentiam
686 3370 787 3447 notat,
816 3364 1004 3449 Sophoclem
1032 3366 1066 3428 in
1095 3367 1212 3430 haere
1236 3364 1562 3449 Calliaeexomplum

336 3458 480 3517 secutum
504 3471 574 3517 esse
598 3454 780 3519 admonens.
805 3454 843 3515 V.
867 3452 976 3518 Elmsl.
1000 3455 1041 3519 ad
1064 3455 1140 3520 Her.
1164 3456 1238 3518 838.

426 3561 499 3622 333.
522 3560 642 3646 ἄλλως]
676 3561 719 3626 01.
746 3562 839 3625 1151.
872 3562 976 3632 ἄλλως
999 3568 1095 3625 πονεῖ.
1127 3562 1245 3626 Herod.
1270 3562 1307 3623 V.
1331 3563 1383 3624 41.
1410 3562 1563 3643 κομπέειν

336 3649 447 3719 ἄλλως.
515 3649 635 3713 πύθοιό
658 3650 739 3735 μου]
774 3648 818 3713 01.
842 3653 939 3715 Arist.
961 3650 1015 3714 Th.
1041 3652 1113 3714 596.
1141 3653 1170 3715 εί
1193 3651 1239 3734 μὴ
1266 3651 1444 3733 ’πεπύσμιγν
1466 3657 1561 3713 ταῦτα

335 3743 399 3801 τῶν
423 3737 499 3821 σάφ’
523 3739 661 3804 εἰδότων.
686 3739 757 3803 Poe.
775 3742 848 3804 824.
873 3741 919 3809 ὡς
939 3741 1004 3822 ἐγὼ
1022 3741 1186 3824 ’πυθόμην
1200 3741 1289 3810 τινός.
1313 3740 1431 3804 Herod.
1447 3741 1471 3804 I.
1490 3741 1562 3803 111.

426 3829 498 3891 334.
523 3829 583 3893 οὐκ
607 3866 648 3875 -
673 3829 739 3892 ἀλλ’
764 3829 838 3914 -,·]
863 3829 907 3894 01.
932 3829 968 3894 Ο.
985 3828 1018 3894 0.
1042 3831 1107 3893 804
1124 3850 1169 3914 sq.
1237 3827 1267 3893 α’)
1289 3835 1402 3894 κακῶν
1424 3829 1563 3913 κάκιστε]

336 3915 380 3981 01.
405 3915 441 3980 Ο.
458 3916 490 3981 0.
517 3919 611 3981 1384.
634 3924 747 3983 κακῶν
769 3920 903 3983 κάκιστε.

427 4008 499 4069 335.
524 4006 689 4091 ὀργαίνειν]
713 4008 957 4073 111111υεὶ111οω
975 4016 1010 4072 ut
1026 4010 1058 4071 in
1074 4008 1122 4071 Tr.
1134 4010 1207 4071 552.
1223 4008 1298 4072 Eur.
1311 4009 1380 4073 Alc.
1394 4009 1488 4071 1106.
1505 4014 1562 4073 ete.

337 4093 388 4159 sio
420 4096 578 4179 ὁρμαίνω,
613 4096 776 4179 δειμαίνω,
813 4098 1008 4181 χαλεπαίνω,
1047 4098 1259 4181 δυσμεναίνω,
1296 4098 1454 4181 κηραίνω,
1487 4099 1563 4181 χαλ-

335 4186 450 4258 καίνω,
473 4187 644 4268 μωραίνω,
666 4187 830 4269 θυμαίνω,
856 4194 913 4252 eto.

427 4294 499 4356 336.
523 4293 685 4378 ἄτεγκτος]
719 4293 764 4358 01.
786 4296 900 4359 Aesoh.
917 4294 965 4359 Tr.
982 4296 1058 4358 413.
1083 4295 1230 4377 ἄτεγκτος
1245 4294 1444 4377 (ἅνθρωπος)
1458 4318 1562 4376 παρη-

338 4384 521 4466 γορήμοσιν.
555 4384 667 4445 Aesch.
693 4384 796 4446 Prom.
824 4386 917 4449 1008.
949 4386 1048 4466 τέγγει
1081 4384 1141 4466 γὰρ
1169 4385 1264 4449 οὐδὲν
1287 4384 1363 4448 οὐδὲ
1386 4384 1564 4466 μαλθάσσει

336 4472 415 4554 κέαρ
458 4471 576 4554 Ιλιταῖς
600 4474 697 4553 ἐμαῖς.
723 4471 796 4536 Eur.
817 4473 912 4537 Here.
931 4474 1004 4537 833.
1028 4474 1095 4536 ἀλλ’
1118 4472 1169 4547 εἶ’,
1193 4475 1341 4554 ἄτεγκτον
1364 4473 1563 4555 συλλαβοῦσα

337 4561 481 4642 καρδίαν,
505 4562 568 4626 κτλ.
592 4560 685 4645 Hipp.
704 4562 776 4624 303.
801 4564 871 4627 οὔτε
896 4562 956 4645 γὰρ
978 4564 1047 4627 τότε
1067 4559 1071 4649 Ι
1091 4564 1196 4644 λόγοις
1219 4564 1355 4644 ἒτέγγεθ
1379 4563 1437 4646 ἥδε
1458 4567 1516 4625 νῦν
1538 4560 1564 4623 τ’

337 4649 376 4712 οὗ
399 4651 546 4715 πείθεται.
575 4652 672 4714 Arist.
694 4650 748 4714 Th.
776 4654 868 4715 1047.
897 4654 936 4715 ἰώ
963 4677 1020 4734 μοι
1046 4654 1161 4735 μοίρας
1188 4653 1314 4734 ἄτεγκτε
1337 4652 1462 4734 δαίμων
1485 4651 1563 4733 (δαῖ-

335 4739 439 4821 μονΡ).
464 4739 542 4804 Plat.
566 4739 722 4824 Resp.11.
747 4740 861 4805 3610.
894 4742 975 4805 ὥστε
1006 4741 1052 4825 μὴ
1084 4742 1249 4822 τέγγεσθαι
1275 4741 1340 4804 ὑπὸ
1363 4741 1564 4814 κακοδοξίας.

336 4825 431 4912 Legg.
448 4826 505 4893 IX.
523 4830 587 4893 880
605 4829 640 4893 E.
662 4830 764 4913 μηδὲν
787 4832 989 4914 τεγχθέντων.
1015 4832 1137 4895 Aeliae.
1154 4830 1238 4915 apud
1254 4830 1340 4895 Suid.
1358 4850 1385 4894 v.
1409 4832 1564 4912 ἄτεγκτος,
