3984 5850
466 629 530 696 308
974 651 1100 697 omnihus
1123 653 1184 697 m

553 812 626 875 407.
650 813 730 876 θεοῦ
761 811 883 894 μαντεῖ’
916 812 1024 893 ἄριστα
1058 807 1187 894 λύομεν]
1220 809 1454 895 01Ευτ.1ρ11.
1478 816 1516 875 A.
1543 813 1642 876 1268.
1670 817 1707 876 οἳ

463 899 517 971 τὰς
541 937 581 946 -
606 901 790 980 παρθένους
812 901 956 964 κτενοῦσί
975 923 1041 984 μου
1065 900 1264 983 -θέσφατ’
1288 902 1317 964 εἰ
1340 901 1429 965 λύσω
1451 901 1539 971 θεᾶς.
1608 903 1701 986 τάδε]

464 988 508 1053 01.
533 989 568 1054 Ο.
586 988 618 1052 0.
643 990 716 1053 504.
744 989 798 1054 τόν
824 990 923 1053 τόπον
947 989 975 1052 δ’
999 991 1049 1052 ἴνα
1071 991 1076 1072 Ι
1096 991 1226 1073 χρήστσι
1253 991 1288 1072 μ’
1312 990 1465 1074 έφευρεῖν,
1493 996 1586 1054 τοῦτο
1613 993 1698 1074 βοά-

462 1079 558 1160 λομαι
580 1079 705 1162 μαθεῖν.
738 1079 785 1142 Tr.
810 1081 883 1142 455.
908 1079 999 1149 ὅπως
1022 1079 1057 1142 δὲ
1084 1080 1201 1162 λήσεις,
1229 1079 1419 1143 οὐδὲτοῦτο
1443 1081 1583 1162 γίγνεται.
1617 1083 1699 1144 458.

462 1167 497 1230 τδ
525 1167 570 1252 μὴ
599 1168 777 1241 πυθέσθαι,
809 1168 901 1232 τοῦτό
932 1167 967 1249 μ’
996 1168 1155 1250 άλγύνειεν
1181 1169 1229 1232 άν.
1261 1173 1336 1232 Ant.
1362 1169 1434 1232 706.
1462 1170 1509 1240 ὡς
1531 1171 1604 1250 (67)
1627 1170 1699 1252 φὴς

462 1256 517 1329 σὺ,
550 1257 667 1322 κούδὲν
695 1257 785 1330 ἄλλο,
818 1257 900 1321 τοῦτ’
929 1256 1041 1339 ὀρθῶς
1068 1259 1157 1340 ἔχειν.
1190 1257 1247 1322 Ph.
1272 1258 1345 1320 912.
1379 1255 1414 1320 Ο.
1431 1255 1463 1320 O.
1488 1258 1561 1321 640.
1594 1261 1697 1322 Arist.

462 1345 545 1410 Nub.
572 1348 665 1410 1262.
697 1347 726 1409 τί
747 1345 775 1409 δ’
799 1347 882 1417 ὅστις
904 1347 979 1428 εἰμὶ,
1011 1353 1103 1411 τοῦτο
1130 1345 1280 1429 βούλεσθ’
1308 1347 1429 1410 εἰδέναι.
1457 1347 1510 1410 Th.
1536 1349 1609 1411 570.
1637 1349 1697 1412 τὸν

462 1436 663 1518 σησαμοῦνθ’
692 1437 729 1499 ὃν
756 1437 945 1518 κατέφαγες,
977 1441 1089 1499 τοῦτον
1116 1442 1217 1520 χεσεῖν
1248 1438 1382 1518 ποιήσω.
1420 1437 1518 1499 Arist.
1543 1437 1591 1499 Fr.
1616 1439 1695 1500 418.

461 1525 565 1588 πόθεν
598 1525 633 1588 δὲ
664 1530 859 1607 καταφαγεῖν
891 1526 971 1608 ἔχοι,
1003 1525 1116 1589 τούτου
1149 1526 1357 1608 κατημέληκε.
1395 1525 1512 1589 Herod.
1536 1525 1591 1588 VI.
1619 1528 1695 1590 133.

462 1615 493 1677 οῖ
516 1613 550 1678 δὲ
574 1614 662 1683 ὅκως
685 1614 913 1696 διαφυλάξουσι
928 1615 985 1696 τὴν
999 1614 1099 1688 πάλιν,
1122 1621 1215 1677 τοῦτο
1238 1616 1454 1698 ἐμηχανῶντο.
1477 1613 1551 1696 Lys.
1567 1614 1644 1678 xii
1664 1618 1694 1679 9.

462 1704 583 1767 οὔκουν
616 1703 733 1767 δίκαιοί
763 1704 837 1766 εἰσιν
869 1701 917 1768 ῶν
948 1703 1023 1785 ὑμῖν
1055 1702 1140 1767 εὗνσι
1162 1703 1253 1786 ἦσαν,
1285 1705 1407 1768 τούτων
1440 1703 1531 1786 δίκην
1559 1705 1694 1770 διδόναι.

462 1793 551 1856 Paul.
575 1790 615 1854 11.
640 1791 737 1876 Epist
754 1791 895 1856 Corinth.
914 1792 964 1873 10,
984 1794 1033 1855 18.
1057 1793 1097 1856 οὐ
1121 1792 1181 1874 γὰρ
1205 1793 1224 1855 ά
1247 1792 1359 1856 ἑαυτὸν
1382 1798 1545 1866 συνιστῶν,
1568 1794 1693 1864 ἐκεῖνός

461 1882 522 1945 έστι
547 1881 679 1965 δόκιμος
702 1881 764 1944 κτλ.
798 1879 833 1944 0.
850 1881 883 1945 0.
909 1881 981 1944 778.
1014 1881 1117 1965 πλήρη
1149 1881 1177 1944 δ’
1200 1884 1301 1964 ἔχοντι
1333 1882 1442 1964 θυμὸν
1473 1879 1522 1946 ῶν
1549 1883 1692 1966 χρῄζοις,

460 1971 541 2034 τότε
561 1970 565 2053 Ι
587 1969 731 2053 δωροῖθ’.

550 2061 624 2127 408.
648 2058 694 2124 01.
719 2062 791 2123 544.
820 2058 894 2123 Eur.
918 2058 1026 2144 Suppl.
1051 2061 1124 2124 570.
1151 2059 1277 2143 κλύοιμ’
1305 2062 1356 2124 ἄν·
1385 2061 1424 2124 οὐ
1453 2060 1514 2143 γάρ
1541 2061 1619 2124 ἀλλὰ
1643 2063 1697 2126 δεῖ

461 2150 572 2214 δοῦναι
593 2151 700 2232 μέρος.

549 2259 622 2321 409.
645 2257 739 2320 τοῦδε
764 2293 804 2302 -
829 2256 954 2340 κρατῶ]
990 2256 1038 2322 Sc.
1062 2263 1118 2320 τοῦ
1141 2259 1192 2320 ἴσα
1216 2257 1377 2332 ἀντιλέξαι.
1415 2258 1538 2340 Redde,
1569 2261 1627 2322 for
1654 2261 1696 2322 01

461 2347 536 2411 this
560 2345 748 2430 privilege
772 2346 787 2409 1
811 2365 866 2408 am
890 2355 1030 2410 master
1051 2345 1079 2427 (Ι
1101 2347 1195 2410 claim
1218 2366 1260 2409 an
1282 2347 1376 2429 equal
1399 2347 1501 2430 right).

549 2436 624 2499 410.
647 2459 697 2499 σοι
726 2437 773 2509 ζῶ
797 2435 927 2518 δοῦλος]
962 2434 1074 2518 Itaque
1105 2455 1171 2499 non
1204 2437 1366 2519 παρρησίᾳ
1399 2437 1445 2499 uti
1478 2438 1603 2501 vetitus.
1642 2436 1689 2500 Cf.

461 2523 535 2587 Eur.
552 2525 618 2588 Ion.
636 2525 709 2587 674.
734 2525 835 2606 στόμα
856 2523 860 2609 Ι
882 2524 998 2588 δοῦλον
1020 2525 1155 2587 πέπαται
1170 2525 1253 2588 κούκ
1276 2526 1338 2607 ἔχει
1357 2527 1545 2608 παρρησίαν.
1570 2526 1690 2590 Phoen.

461 2615 534 2676 392.
558 2615 624 2697 Iph.
648 2617 686 2676 A.
712 2600 762 2676 33.
787 2613 842 2684 σὸς
866 2613 901 2677 δὲ
925 2614 1041 2684 δοῦλος
1063 2615 1123 2677 οὐκ
1147 2615 1236 2697 ἔφυν.

549 2721 623 2783 411.
647 2721 824 2802 προστάτου
850 2719 1078 2805 ’ττιγράψομαι]
1103 2721 1148 2784 01.
1167 2721 1208 2784 ad
1227 2722 1273 2804 Aj.
1293 2723 1386 2784 1260.
1411 2723 1507 2786 Arist
1524 2724 1596 2786 Pac.
1615 2725 1689 2786 684.

460 2810 549 2892 αὑτῶ
570 2809 713 2893 πονηρὸν
736 2810 913 2892 προστάτην
936 2810 1148 2892 έπεγράφατσ.
1179 2811 1256 2873 Ach.
1284 2812 1377 2874 1095.
1400 2809 1484 2876 Xeh
1508 2811 1591 2876 Heli.
1616 2811 1688 2876 vll.

461 2901 489 2963 5.
514 2901 542 2962 2.
566 2899 783 2982 ἐπεγράφοντο
807 2899 853 2971 ὡς
880 2897 1025 2983 Θηβαῖοι.
1049 2901 1146 2965 Arist.
1170 2900 1242 2964 Pae.
1267 2901 1340 2963 084.

548 3009 621 3070 412.
646 3006 752 3089 ἐπειδὴ
777 3006 905 3091 κα1-]
931 3008 976 3071 01.
1003 3006 1083 3071 Phil.
1102 3009 1174 3071 380.
1199 3008 1253 3071 καῖ
1274 3006 1360 3071 ταῦτ’
1383 3008 1490 3091 ἐπειδὴ
1514 3010 1568 3073 καῖ
1590 3010 1688 3091 λέγεις

459 3098 702 3179 θρασυστομῶν.
741 3094 815 3159 Eur.
840 3096 922 3159 Med.
947 3098 1020 3159 526.
1053 3097 1117 3179 ἐγὼ
1151 3097 1189 3171 δ’,
1227 3098 1334 3180 ἐπειδη
1367 3098 1421 3161 καὶ
1455 3098 1523 3160 λίαν
1553 3106 1688 3180 πυργοῖς

459 3186 559 3269 χάριν,
583 3186 646 3250 κτλ.
729 3186 847 3267 τυφλόν
869 3185 905 3267 μ’
930 3186 1111 3271 ὠνείδισας]
1136 3186 1180 3249 01.
1206 3185 1241 3249 Ο.
1259 3186 1291 3250 0.
1319 3188 1411 3250 1002.
1435 3187 1551 3250 τοιαῦτ’
1576 3189 1686 3251 ὀνειδί-

459 3278 520 3349 ζεις
542 3300 582 3357 με
604 3274 700 3339 τῶνδ’
723 3276 870 3339 ἐναντίον.
894 3274 973 3338 Plat.
999 3275 1092 3359 Gorg.
1117 3275 1156 3338 ad
1172 3275 1225 3339 fin.
1250 3278 1281 3339 εἴ
1297 3300 1341 3346 τις
1363 3300 1409 3358 τῳ
1432 3276 1572 3351 ὀνειδίζει
1596 3278 1686 3360 φιλο-

457 3366 567 3447 κερδεῖ
586 3364 669 3428 εἶναι.
1432 3386 1438 3395 ·

548 3474 620 3535 413.
646 3472 683 3536 σὺ
716 3472 770 3535 καλ
804 3472 968 3553 δεδορκὼς
1001 3473 1039 3535 οὐ
1072 3474 1195 3555 βλέπεις
1212 3472 1270 3558 -]
1304 3474 1348 3536 01.
1373 3476 1422 3556 Aj.
1446 3476 1497 3537 85.
1521 3474 1587 3555 έγὼ
1609 3498 1685 3538 σκο-

457 3564 552 3625 τώοω
575 3562 720 3645 βλέφαρα
744 3561 798 3625 καλ
822 3562 1007 3642 δεδορκότα.
1032 3560 1081 3624 Fr.
1099 3563 1172 3624 063.
1196 3561 1262 3626 ἀλλ’
1286 3562 1356 3625 οὐδ’
1379 3564 1516 3644 ὁρῶντες
1539 3565 1685 3647 εἰσορῶσι

457 3652 616 3733 τάμφανῆ.
641 3652 755 3715 Aesch.
780 3654 838 3733 Ag.
859 3652 952 3714 1023.
977 3652 1037 3733 οὐχ
1060 3652 1139 3733 ὁρᾷς
1162 3652 1250 3732 ὀρῶν
1273 3652 1355 3715 τάδε.
1388 3651 1464 3715 Eur.
1480 3652 1595 3717 Bacch.
1612 3656 1685 3717 332.

457 3744 514 3803 νῦν
538 3740 598 3821 γὰρ
621 3742 703 3803 πέτει
726 3764 757 3803 τε
780 3740 834 3803 καὶ
857 3745 990 3821 φρονῶν
1014 3741 1109 3803 οὐδέν
1133 3747 1268 3822 φρονεῖς.
1292 3740 1426 3804 Monosh
1443 3744 1516 3804 433.
1541 3743 1560 3806 ά
1583 3766 1684 3825 γραμ-

457 3831 568 3910 μάτων
605 3830 735 3911 άπειρος
769 3831 808 3893 οὐ
840 3830 944 3910 βλέπει
977 3831 1113 3911 βλέπων.
1138 3833 1207 3892 Act.
1232 3834 1340 3912 Apost.
1365 3833 1416 3912 28,
1441 3832 1491 3893 27.
1519 3832 1685 3913 βλέποντες

457 3919 588 4000 βλέψετε
610 3919 664 3981 καὶ
687 3920 726 3981 οὐ
749 3919 794 4001 μὴ
820 3919 911 4001 ἴδητε.
985 3920 1024 3981 οὐ
1047 3920 1171 4000 βλέπεις
1194 3918 1232 3981 ἵν’
1257 3918 1424 4005 εἷκακοῦ]
1450 3917 1493 3982 01.
1517 3921 1564 3984 Tr.
1591 3923 1684 3984 1145.

457 4013 572 4088 φρονῶ
606 4008 644 4090 δὴ
675 4011 845 4090 ξυμφορᾶς
878 4008 916 4069 ἵν’
949 4010 1090 4090 ἕσταμεν.
1127 4008 1174 4070 ΕΙ.
1200 4010 1272 4071 936.
1305 4011 1344 4072 ἵν’
1376 4008 1457 4092 ἦμεν
1494 4010 1577 4093 ἄτης.
1610 4011 1683 4073 Eur.

457 4095 523 4159 lon.
551 4097 642 4159 1251.

546 4205 619 4266 414.
644 4204 739 4287 ὅτων]
765 4204 818 4268 Sic
842 4206 937 4268 ὅτοισι
960 4205 1057 4267 Arist.
1082 4204 1139 4286 Eq.
1165 4206 1237 4267 755.
1260 4204 1372 4288 Eupol.
1397 4204 1437 4268 ll.
1461 4208 1535 4270 484.

546 4293 620 4355 417.
644 4294 811 4375 ἀμφιπλὴξ
834 4331 875 4339 -
900 4292 979 4377 ἀρά]
1014 4292 1057 4356 01.
1084 4294 1132 4356 Tr.
1162 4295 1234 4357 930.
1267 4294 1444 4378 ὀμφιπλῆγι
1476 4296 1641 4378 φασγάνῳ.

500 4380 621 4463 μητρὸς
647 4419 686 4429 -
711 4382 790 4467 ἀρά]
824 4382 867 4446 01.
893 4384 1006 4447 Aesch.
1031 4383 1114 4466 Sept.
1140 4384 1189 4446 70.
1218 4385 1295 4464 Ἀρά
1322 4387 1347 4445 τ’
1371 4384 1495 4464 Ἐρινὺς
1521 4385 1640 4465 πατρὸς
1662 4387 1682 4467 ἡ

456 4472 664 4555 μεγασθενής.
697 4475 771 4535 Ant.
798 4474 891 4535 1075.
925 4472 1000 4536 Eur.
1026 4473 1107 4535 Med.
1136 4473 1228 4537 1386.
1261 4474 1338 4537 ἀλλά
1366 4475 1395 4537 α’
1419 4473 1543 4554 Ἐρινὺς
1570 4474 1684 4539 ὀλέσειε

456 4561 577 4624 τέκνων
598 4561 602 4641 Ι
623 4563 718 4643 φονία
741 4586 773 4625 τε
789 4563 876 4645 Δίκη.
900 4560 993 4625 Hom.
1012 4560 1069 4625 00.
1087 4564 1115 4643 2,
1134 4564 1205 4625 135.
1225 4564 1275 4644 11,
1291 4564 1363 4626 280.
1385 4566 1435 4643 17,
1452 4566 1524 4626 475.
1542 4566 1593 4645 21,
1609 4566 1682 4625 412.

500 4650 621 4731 μητρός
652 4674 684 4714 τε
716 4651 770 4713 καὶ
796 4658 851 4713 τοῦ
879 4658 937 4715 σοῦ
966 4650 1101 4733 πατρὸς]
1135 4651 1289 4714 Similiter
1311 4657 1385 4714 Ant.
1411 4653 1484 4714 257.
1512 4660 1624 4736 σημεῖα
1654 4652 1682 4715 δ’

457 4738 528 4800 οὔτε
551 4740 654 4823 θηρὸς
678 4742 749 4803 οὔτε
772 4746 827 4803 τοῦ
850 4746 958 4803 κυνῶν
977 4740 1041 4803 κτλ.
