3984 5850
469 704 532 767 172
929 726 1053 769 οεοιεσσ
1078 724 1228 771 σοισατσε

558 884 608 947 78.
632 883 741 947 ἐνθάδ’
757 883 867 969 αὐτοῦ]
891 882 990 949 Here
1014 905 1058 949 on
1083 885 1158 948 this
1182 904 1274 967 very
1298 890 1390 968 spot.
1424 884 1470 949 Of.
1488 884 1583 949 Arist
1599 884 1697 969 Vesp.

469 973 540 1035 765.
564 973 682 1038 ἐνθάδε
702 974 706 1053 1
728 974 825 1037 αὐτοῦ
847 976 956 1055 μένων
979 976 1095 1049 δίκαζε.
1120 974 1165 1037 ΡΙ.
1191 974 1285 1037 1187.
1310 974 1420 1059 Eupol.
1442 974 1482 1037 11.
1501 976 1572 1037 546.
1598 978 1637 1056 ἢν
1661 975 1700 1038 δέ

465 1086 510 1132 τις
536 1067 601 1125 τῶν
633 1062 743 1126 ἐνθάδ’
772 1064 869 1127 αὐτοῦ
898 1069 954 1127 etc.
988 1064 1067 1127 Plat.
1093 1064 1184 1146 Resp.
1209 1064 1323 1127 6210.
1357 1064 1454 1127 αὐτοῦ
1486 1088 1518 1127 τε
1549 1066 1699 1144 μένοντες

359 1194 365 1205 .
468 1152 592 1215 ἐνθάδε.
616 1152 733 1215 Herod.
757 1152 812 1215 IV.
840 1155 910 1216 135.
934 1152 1040 1217 Solon.
1065 1154 1113 1217 rr.
1138 1156 1195 1227 28,
1222 1153 1269 1216 11.
1309 1153 1408 1217 Plena
1431 1154 1624 1217 constructio
1649 1159 1699 1217 est

466 1246 530 1311 τοῖς
553 1241 664 1305 ἐνθάδ’
688 1242 785 1304 αὐτοῦ
812 1240 905 1321 (οὖσι)
935 1242 1099 1324 δημόταις,
1132 1243 1176 1325 μὴ
1202 1244 1286 1321 (τοῖς)
1315 1241 1384 1305 κατ’
1407 1242 1483 1305 ἀστυ
1507 1240 1608 1325 (οὖσι).
1647 1242 1698 1305 De

468 1331 639 1395 omissione
671 1332 817 1415 particuli
851 1338 922 1402 τοῖς.
966 1331 1011 1395 01.
1037 1332 1109 1393 268.
1146 1332 1181 1393 τά
1219 1331 1340 1414 μητρὸς
1376 1331 1429 1394 καὶ
1461 1330 1588 1413 πατρός.
1622 1332 1698 1394 588.

468 1419 515 1481 ΕΙ.
540 1420 613 1482 991.
645 1421 766 1502 καὶτῷ
797 1421 916 1502 λέγοντι
939 1421 992 1483 καὶ
1015 1422 1138 1485 κλύοντι
1163 1422 1339 1503 σύμμαχος.
1372 1421 1421 1483 Tr.
1446 1420 1518 1483 356.
1552 1420 1591 1483 ού
1623 1420 1699 1484 τάπ7

467 1508 588 1579 Λυδοῖς
611 1508 681 1571 οὐδ’
705 1510 753 1571 ἐπ’
786 1512 820 1589 (i.
844 1530 868 1572 e.
893 1509 969 1573 οὐδὲ
1001 1510 1037 1573 τά
1071 1511 1135 1592 ἐπ’)
1164 1509 1314 1593 Ὀμφάλη
1343 1508 1697 1593 πόνων1λατρεύμοτ’.

467 1597 542 1661 Eur.
567 1596 637 1661 Hel.
665 1600 756 1661 1085.
779 1599 848 1661 Tro.
874 1600 946 1662 716.

557 1688 608 1751 80.
632 1688 661 1751 εί
682 1725 723 1733 -
746 1686 783 1770 ἢ]
818 1686 861 1751 01.
886 1689 925 1751 ad
950 1690 1025 1751 Ant.
1052 1689 1144 1751 1217.
1179 1688 1291 1752 Aesch.
1318 1688 1366 1751 Pr.
1391 1688 1464 1751 805.
1493 1688 1566 1751 ἑλοῦ
1590 1687 1698 1771 γὰρῆ

468 1776 498 1853 (l.
522 1776 563 1853 εί)
586 1777 697 1840 πόνων
723 1776 759 1839 τά
788 1778 882 1840 λοιπά
910 1802 959 1842 σοι
979 1778 984 1855 Ι
1005 1779 1122 1859 φράσω
1147 1782 1300 1860 σαφηνῶς
1327 1780 1346 1859 ἢ
1371 1778 1425 1841 τὸν
1449 1778 1607 1841 ἐκλύσοντ’
1631 1778 1697 1859 ἐμέ.

470 1864 544 1929 Cho.
569 1866 641 1928 876.
666 1865 759 1928 Hom.
782 1867 818 1928 Il.
842 1866 931 1931 XIV.
960 1868 1007 1929 19.
1036 1866 1223 1949 δαϊζόμενος
1245 1866 1325 1930 κατὰ
1349 1866 1457 1948 ύσμδν
1478 1867 1482 1949 Ι
1504 1866 1652 1948 διχθάδι’,
1676 1870 1698 1949 ἢ

469 1955 539 2035 (eff)
563 1992 602 2001 —
629 1954 665 2017 11
689 1960 746 2018 ete.

558 2045 608 2106 81.
632 1980 719 2128 ύμῖν]
744 2043 789 2107 01.
803 2044 858 2107 Ph.
871 2046 943 2107 433.
967 2051 1031 2108 πού
1055 2045 1115 2127 γὰρ
1132 2045 1171 2128 ἦν
1188 2046 1325 2109 ἐνταύύά
1342 2069 1390 2108 σοι
1412 2046 1415 2125 J
1439 2044 1626 2127 Πάτροκλος
1639 2082 1678 2091 -
1688 2070 1699 2120 ,·

560 2134 611 2195 83.
635 2136 716 2215 ἐμοῦ
738 2132 856 2220 μόνης]
890 2134 1006 2217 Supple
1029 2136 1135 2217 ούσης.
1174 2135 1219 2198 01.
1248 2134 1343 2198 Thuo.
1367 2134 1407 2197 11.
1433 2137 1484 2196 35.
1517 2135 1564 2205 ὡς
1597 2134 1700 2197 καλὸν

469 2222 549 2299 (add.
574 2224 644 2297 rvr)
667 2222 717 2285 ἐπὶ
739 2230 802 2295 τοῖς
826 2261 867 2269 -
891 2225 1105 2305 θαπτομένοις
1132 2224 1342 2305 ἀγορεύεσθαι
1369 2223 1465 2287 αὐτόν
1494 2223 1557 2304 (τὸν
1581 2223 1698 2304 λόγον).

468 2312 548 2374 Plat.
573 2310 666 2395 Gorg.
690 2332 710 2395 p
745 2314 816 2375 105.
845 2314 891 2383 ὡς
914 2314 1020 2394 ἕτερον
1044 2314 1125 2390 (arld.
1149 2314 1224 2391 ἀνΡ)
1247 2314 1303 2395 τὴν
1326 2312 1473 2393 ἀνδρείαν
1495 2318 1550 2397 τῆς
1573 2313 1698 2395 ἐπιστή-

468 2424 540 2483 μης.
564 2400 648 2463 Xen.
672 2400 765 2465 Mem.
790 2401 812 2465 I.
838 2403 866 2463 6.
892 2404 920 2465 5.
948 2403 994 2474 ὡς
1023 2402 1225 2484 χαλεπώτερα
1254 2402 1448 2485 πορίσασθαι
1470 2402 1507 2464 τά
1531 2401 1592 2483 ἐμά
1618 2402 1698 2465 διαι-

469 2491 589 2572 τήματα
612 2495 677 2553 τῶν
700 2495 775 2554 σῶν.

558 2582 608 2642 84.
634 2578 679 2643 01.
705 2580 778 2642 668.
811 2582 958 2653 είιίπττον,
996 2576 1077 2655 ξένε,
1109 2581 1203 2644 τᾶσδε
1234 2582 1344 2662 χώρας
1375 2582 1448 2643 ἵκου
1479 2580 1516 2643 τά
1549 2580 1697 2662 κράτιστα

470 2673 526 2750 γᾶς
549 2669 678 2731 ἔπαυλα.
748 2668 872 2753 εὖτ’]Ι.
897 2670 1067 2752 (1.1πειδη.
1107 2669 1255 2733 01.Ρ1111.
1283 2671 1375 2733 1099.

559 2759 609 2820 85.
632 2759 772 2840 πρώτων
795 2759 846 2840 ἐφ’
869 2760 963 2840 ύμῶν
979 2758 1038 2842 —]
1069 2758 1111 2821 Of.
1137 2760 1209 2821 467.
1233 2760 1297 2822 roo
1321 2784 1377 2821 νυν
1400 2758 1575 2841 καθαρμόν
1596 2758 1698 2821 τῶνδε

470 2847 642 2930 δαιμόνιον,
666 2847 717 2930 ἐφ’
741 2850 778 2917 ἃς
799 2849 803 2930 ᾗ
823 2848 858 2911 τό
881 2854 1011 2931 πρῶτον
1034 2850 1105 2911 ἵκου
1129 2850 1268 2930 (πρῶτος
1292 2848 1443 2930 ἀφίκσυῗ)
1467 2848 1520 2911 καί
1543 2848 1696 2911 κατέστει-

468 2961 535 3019 φσς
557 2938 664 3001 πέδον.
733 2938 828 3020 ἕδρας
853 2976 894 2983 -
919 2939 970 3020 ἐφ’
994 2938 1099 3022 ὑμῶν]
1126 2938 1169 3002 01.
1194 2940 1289 3001 Arist.
1315 2937 1371 3020 Eq.
1399 2941 1492 3001 1312.
1521 2941 1540 3020 ἢ
1567 2938 1610 3000 ’πί
1633 2943 1698 3001 τῶν

469 3031 595 3108 σεμνῶν
618 3028 707 3090 θεῶν
730 3029 925 3110 (καθῆσθαι).
993 3028 1096 3110 Supra
1122 3028 1169 3090 19.
1198 3025 1237 3090 οὗ
1261 3028 1350 3090 κῶλα
1379 3029 1512 3110 κάμφον
1535 3027 1622 3091 τοῦδ’
1647 3027 1697 3090 ἐπ’

470 3116 601 3189 ἀξέστου
624 3117 749 3196 πέτρου.

559 3206 610 3269 86.
634 3205 835 3289 ἀγνώμονες]
864 3206 996 3270 Durae.
1036 3207 1080 3270 01.
1104 3205 1153 3268 Tr.
1178 3207 1251 3268 473.
1280 3213 1466 3288 φρονοῦσαν
1488 3205 1590 3288 θνητά
1614 3205 1698 3268 κούκ

471 3295 644 3376 ἀγνώμονα
669 3298 721 3372 (se.
746 3294 864 3372 οὖσαν).
892 3296 984 3357 1266.

560 3384 610 3445 87.
634 3384 670 3446 τά
694 3385 795 3447 πολλὰ
821 3423 860 3430 -
885 3383 987 3467 κακά]
1016 3383 1059 3447 Of.
1085 3383 1130 3447 ΕΙ.
1157 3385 1228 3446 564.
1253 3384 1289 3447 τά
1314 3384 1412 3448 πολλά
1436 3383 1598 3465 πνεύματ’.
1623 3385 1697 3446 931.

470 3474 506 3536 τά
529 3473 630 3536 πολλά
656 3510 697 3518 -
721 3475 917 3555 κτερίσματα.
940 3473 1075 3536 Patrool.
1099 3473 1187 3556 Trag.
1212 3475 1259 3537 Fr.
1287 3476 1313 3536 l.
1337 3473 1372 3535 τά
1397 3473 1486 3536 πόλλ’
1510 3475 1579 3556 ἔπη.

559 3565 610 3626 89.
634 3563 773 3647 τερμίαν]
798 3563 845 3626 Gl.
870 3563 940 3626 Par.
964 3564 1146 3626 τελευταίαν.

560 3654 610 3716 90.
634 3653 722 3716 θεῶν
755 3658 881 3734 σεμνῶν
913 3653 1011 3733 ἕδραν
1038 3652 1093 3736 -]
1128 3653 1172 3716 01.
1197 3655 1269 3714 458.
1297 3653 1389 3713 1619.
1423 3651 1469 3714 ΕΙ.
1497 3652 1567 3712 112.
1599 3651 1697 3714 Thur..

470 3742 493 3805 1.
521 3743 591 3804 126.
615 3743 855 3823 καθεζομένους
879 3743 915 3804 δέ
936 3766 1021 3812 τινας
1053 3743 1106 3804 καὶ
1139 3743 1188 3804 ἐπὶ
1215 3747 1280 3804 τῶν
1307 3745 1433 3822 σεμνῶν
1461 3742 1549 3804 θεῶν
1578 3743 1612 3803 ὲν
1634 3745 1699 3810 τοῖς

469 3833 594 3914 βωμοῖς
618 3869 659 3876 -
685 3832 896 3914 διεχρήσαντο.
924 3833 1017 3894 Arist.
1043 3831 1100 3912 loq.
1128 3832 1220 3892 1312.
1246 3831 1379 3893 Pausan.
1403 3830 1427 3892 I.
1445 3832 1495 3892 28.
1513 3830 1541 3890 6.
1565 3830 1699 3910 πλησίον

472 3920 506 3983 δὲ
538 3920 624 4000 ἱερὸν
656 3922 744 3984 θεῶν
777 3921 856 3984 ἐστίν
889 3923 927 3991 ἀς
954 3921 1105 3982 καλοῦσιν
1124 3919 1284 4001 Ἀθηναῖοι
1309 3920 1433 4000 σεμνάς.
1458 3925 1489 3980 et
1513 3918 1584 3982 VII.
1602 3919 1651 3980 25.
1670 3919 1699 3978 3.

470 4011 722 4091 καταφεύγουσιν
746 4012 788 4080 είς
815 4010 869 4073 τόν
885 4011 1009 4089 Ἄρειον
1036 4010 1139 4090 πάγον
1167 4009 1220 4070 καί
1248 4008 1297 4070 ἐπὶ
1324 4013 1388 4070 τῶν
1412 4009 1500 4071 θεῶν
1527 4011 1564 4070 οἳ
1587 4007 1700 4088 σεμναί

470 4098 638 4161 καλοῦνται
654 4099 727 4164 τοὺς
742 4101 884 4181 βωμούς.
908 4097 1057 4162 Dinarch.
1075 4119 1100 4160 ε..
1117 4097 1205 4161 Dour.
1223 4099 1241 4178 ξ
1260 4099 1309 4160 35.
1334 4097 1546 4179 ἐπιωρκηκὼς
1568 4096 1628 4178 μὲν
1644 4096 1699 4166 τάς

471 4187 588 4268 σεμνάς
611 4188 690 4258 δεάς
713 4189 746 4251 ἕν
765 4190 876 4269 Ἀρείῳ
899 4190 1002 4269 πάγῳ.
1081 4187 1270 4270 ξενύστασιν]
1296 4186 1340 4248 Cf.
1365 4188 1413 4249 Fr.
1440 4189 1511 4249 258.
1535 4186 1699 4254 πανδόκος

471 4277 656 4349 ξενόστσσις.
687 4279 798 4340 Aesch.
823 4276 897 4340 Cho.
923 4281 995 4340 662.
1025 4278 1058 4340 ἒν
1086 4277 1210 4358 δόμοισι
1239 4277 1412 4346 πανδόκοις
1436 4278 1544 4348 ξένων.
1585 4273 1700 4339 Confer

470 4367 637 4449 βούστασις
660 4367 784 4446 (Aesoh.
812 4367 859 4428 Pr.
885 4369 982 4448 671),
1008 4367 1204 4438 ἱππάστασις,
1229 4373 1286 4429 ete.

561 4455 611 4516 91.
635 4454 778 4538 κάμιμαι]
804 4455 851 4517 Gl.
877 4457 946 4519 Par.
969 4456 1154 4526 καταλῦσαι,
1177 4457 1344 4518 τελειῶσαι.
1384 4451 1699 4536 Cf.Er1r.Hipp.86.

470 4544 557 4613 τέλος
581 4544 616 4607 δὲ
638 4545 802 4626 κάμηιαιμ’
826 4545 935 4627 ῶσπερ
958 4547 1107 4626 ἠρξάμην
1129 4546 1209 4627 βίον.
1239 4544 1311 4607 Hel.
1337 4545 1427 4606 1666.
1457 4544 1532 4606 ὅταν
1556 4543 1591 4605 δὲ
1614 4543 1698 4622 κάμ-

472 4657 538 4715 ιμης
560 4634 613 4696 καὶ
636 4636 818 4716 τελευτήσῃς
840 4637 919 4716 βίον.
944 4634 990 4695 ΕΙ.
1017 4637 1089 4696 956.
1122 4635 1196 4714 πρίν
1219 4636 1258 4695 άν
1281 4634 1376 4702 πέλας
1397 4635 1401 4714 Ι
1423 4638 1573 4714 γραμμῆς
1596 4631 1700 4713 ἵκηται

471 4723 525 4784 καὶ
547 4723 634 4792 τέλος
656 4724 772 4805 κάμψῃ
797 4724 877 4805 βίον.
912 4723 984 4785 663.
1014 4722 1120 4805 Suppl.
1147 4724 1220 4786 750.
1249 4725 1395 4784 Aorisrus
1420 4729 1455 4786 ut
1477 4723 1586 4784 ύανεῖν
1610 4719 1699 4782 011.

474 4813 546 4873 713.
568 4811 617 4874 Tr.
644 4813 737 4874 1159.
771 4813 884 4875 Aesoh.
910 4811 960 4875 Pr.
986 4813 1059 4874 688.
1092 4813 1182 4895 βάξις
1214 4813 1365 4892 (oraculi)
1398 4811 1495 4894 ἦλθεν
1519 4809 1632 4894 Ἰνάχῳ
1656 4845 1700 4856 -
