3984 5850
884 733 1009 780 δεεσσε
1033 737 1094 781 mrx
1537 715 1600 779 267

375 901 477 979 erant,
514 915 579 960 non
616 896 781 980 supplices.
820 894 923 960 Schol.
956 915 1032 960 rec:
1069 894 1135 958 ἀντὶ
1170 901 1226 960 τοῦ
1258 895 1432 978 λκέτλγρίους
1464 896 1602 967 κλάδους

375 989 524 1069 στέμματι
557 987 766 1068 έστεμμένους
797 986 987 1068 κατέχοντες.
1020 984 1114 1048 Hom.
1137 984 1173 1048 Il.
1201 986 1228 1068 l,
1254 987 1302 1049 14.
1336 986 1484 1068 στέμματ’
1517 986 1602 1067 ἔχων

374 1077 408 1139 έν
430 1077 544 1159 χερσίν.
569 1073 644 1138 Eur.
668 1071 720 1138 Or.
747 1075 795 1136 12.
819 1071 848 1157 ᾠ
872 1075 1032 1157 στέμματα
1056 1074 1163 1156 (schol.
1187 1076 1266 1156 ἔρια]
1290 1075 1399 1158 ξήναά
1423 1074 1602 1138 ἐπέκλωσεν

372 1166 442 1229 θεά.
482 1166 576 1228 Arist.
604 1163 700 1247 Vesp.
730 1164 803 1227 475.
842 1169 957 1246 φορῶν
993 1164 1158 1246 κρασπέδα
1197 1165 1384 1246 πεμμάτων
1421 1163 1531 1246 (schol.
1567 1164 1602 1237 ἐξ

374 1255 488 1336 ἐρίων).
523 1253 609 1336 Virg.
633 1254 713 1317 Aen.
738 1251 825 1316 VIII.
853 1253 923 1316 126.
948 1252 1023 1317 ‘Oui
1057 1272 1107 1316 me
1139 1254 1266 1318 fortuna
1298 1253 1420 1337 precari
1440 1252 1444 1336 Ι
1466 1261 1497 1319 ct
1523 1255 1602 1317 vitta

374 1343 514 1407 cinctos?
539 1343 641 1406 voluit
654 1341 862 1426 praetendere
886 1342 1009 1406 ramos!
1034 1342 1100 1406 liv.
1126 1343 1245 1425 2416.
1269 1343 1459 1406 ‘velamenta
1482 1343 1601 1426 suppli·

374 1451 462 1513 cum,
485 1450 589 1496 ramos
613 1431 701 1496 oleae
726 1467 766 1478 -
791 1431 1008 1516 porrigentes?
1032 1433 1084 1514 24,
1109 1433 1159 1495 36.
1182 1432 1278 1496 Tacit.
1302 1431 1384 1496 Hisc
1405 1432 1430 1496 Ι.
1451 1433 1500 1494 66.
1525 1431 1600 1496 stat.

373 1521 468 1586 Theb.
492 1519 567 1586 XII.
591 1522 665 1585 492.
689 1521 857 1604 ‘supplicis
881 1520 974 1584 arbor
996 1521 1118 1587 olivae?

464 1611 491 1673 5.
515 1611 660 1675 παιάνων
690 1634 722 1674 τε
753 1611 808 1674 καὶ
839 1611 1071 1696 στεναγμάτων]
1105 1609 1148 1675 (ll.
1175 1612 1246 1675 186.
1278 1610 1395 1675 παιὰν
1424 1611 1458 1675 δὲ
1485 1611 1601 1694 λάμπει

374 1699 581 1764 στονόεσσά
604 1724 635 1763 τε
659 1705 758 1782 γάρος
781 1700 930 1782 ὅμαυλσς.
954 1700 1029 1764 Ilur.
1053 1701 1122 1764 Alc.
1146 1702 1219 1763 423.
1245 1701 1438 1784 άντηχήσατε
1458 1700 1462 1783 ]
1482 1705 1599 1764 παιᾶνα

371 1796 419 1872 τῷ
449 1789 596 1853 κάτωθεν
619 1789 772 1873 ἀσπόνδῳ
795 1791 873 1872 θεῷ.
906 1790 1056 1854 Proclum
1080 1789 1252 1874 (1110001ρ.
1277 1791 1339 1854 381
1359 1790 1395 1855 G.
1422 1789 1457 1853 τδ
1481 1790 1516 1854 δὲ
1538 1813 1600 1852 πα-

372 1877 460 1942 λαιὸν
483 1879 571 1949 ἰδίως
595 1879 767 1961 ἀπετέμετο
791 1879 820 1961 (ὁ
843 1879 950 1960 παιὰν)
974 1887 1021 1961 τῴ
1038 1878 1213 1943 Ἀπόλλωνι
1240 1879 1293 1943 καλ
1315 1886 1353 1963 τῇ
1372 1878 1528 1961 Ἀρτέμιδι
1550 1879 1600 1943 ἐπὶ

371 1968 566 2032 καταπαύσει
600 1968 722 2050 λοιμῶν
754 1967 807 2032 καὶ
835 1969 941 2032 νόσων
964 1969 1131 2052 ᾀδόμενος.
1165 1969 1246 2033 Plut.
1274 1970 1387 2033 Aulon.
1412 1971 1463 2031 24.
1495 1970 1515 2052 ἡ
1540 1969 1601 2051 γάρ

367 2057 453 2120 Ἀσία
476 2063 578 2130 πᾶσα,
606 2058 756 2138 καθάπερ
785 2059 804 2141 τ]
829 2057 1028 2140 Σοφόκλειος
1055 2060 1155 2141 ἐκείνη
1183 2058 1286 2132 πόλις,
1314 2059 1412 2140 ὁμοῦ
1439 2057 1508 2140 μέν
1530 2059 1600 2122 θυ-

371 2148 574 2229 μιαμάτων
602 2147 747 2229 ἔγεμεν,
775 2148 873 2229 ὁμσῦ
904 2148 944 2212 δὲ
971 2149 1145 2212 παιάνων
1171 2171 1208 2211 τε
1236 2147 1298 2211 καλ
1326 2149 1600 2229 στεναγμάτων.

374 2234 463 2300 Dem.
486 2257 515 2320 p.
540 2237 613 2319 300,
637 2238 688 2299 21.
721 2242 822 2319 χαρᾶς
854 2237 907 2300 καλ
938 2238 1085 2301 παιάνων
1112 2237 1269 2319 (ἐπαίνων
1290 2236 1382 2316 libri)
1405 2238 1425 2320 ἡ
1449 2237 1538 2308 πόλις
1560 2236 1601 2320 ἢν

372 2326 478 2407 μεστή.
517 2325 666 2408 “loseph
691 2325 726 2390 Β.
750 2326 824 2390 Jud.
848 2326 919 2390 VII.
944 2328 972 2389 4.
1001 2329 1027 2389 1.
1060 2327 1167 2390 ἅπασα
1200 2327 1219 2409 ι]
1252 2326 1343 2397 πόλις
1374 2326 1421 2397 ὡς
1452 2326 1534 2397 νεὼς
1560 2325 1600 2409 ἦν

373 2415 631 2497 στεφανωμάτων
654 2414 708 2478 καλ
730 2415 945 2498 θυμιαμάτων
967 2416 1164 2487 άνάπλεως.”
1187 2414 1306 2496 (Dind.)

464 2504 544 2586 δερ.
569 2503 613 2568 Of.
639 2505 712 2568 305.
735 2504 784 2568 Tr.
810 2505 881 2568 391.

462 2596 489 2657 7.
513 2591 632 2677 άλλως]
665 2593 689 2656 Ι.
714 2613 740 2657 c.
764 2598 968 2678 praeterea.
1008 2593 1055 2658 Cf.
1079 2594 1159 2658 Phil.
1185 2595 1235 2656 38.
1268 2594 1321 2657 κα1
1348 2595 1444 2657 ταῦτά
1469 2594 1497 2676 γ’
1521 2594 1599 2657 ἄλλα

371 2681 525 2745 θάλπεται
558 2683 651 2766 ῥάκη.
684 2683 759 2746 Eur.
783 2683 876 2746 Hero.
902 2683 974 2746 912.
1006 2683 1118 2766 μάντιν
1150 2685 1210 2766 σιἰχ
1242 2684 1348 2765 ἕτερον
1371 2685 1496 2765 ἄξομαι.
1523 2683 1599 2748 ΡΙειλ.

372 2771 465 2855 Gorg.
490 2773 508 2854 ᾗ
533 2771 583 2834 64.
618 2771 682 2836 ὑπὸ
714 2777 778 2836 τῶν
809 2773 947 2836 πολιτῶν
978 2773 1032 2836 καὶ
1058 2778 1122 2837 τῶν
1150 2773 1255 2837 ἄλλων
1278 2775 1388 2847 ξένων.
1419 2773 1502 2837 Xon.
1527 2773 1598 2856 Gyr.

372 2860 396 2923 I.
423 2861 450 2922 6.
476 2862 503 2923 2.
528 2860 595 2924 Liv.
620 2861 674 2924 111.
699 2863 750 2926 46.
784 2863 834 2926 ‘cc
863 2864 960 2927 missa
982 2862 1123 2948 plaustra
1145 2865 1355 2947 jumentaque
1378 2862 1459 2927 alia?
1483 2862 1523 2927 ΙΙ.
1550 2865 1599 2926 17.

371 2950 543 3034 ‘principes
566 2953 669 3015 securi
694 2954 849 3035 percussi3
874 2952 934 3016 sub
959 2972 1076 3017 corona
1099 2956 1268 3018 venierunt
1292 2954 1397 3017 coloni
1421 2952 1496 3017 alii!

460 3042 488 3103 8.
512 3040 531 3103 ό
554 3045 629 3103 πᾶσι
653 3040 788 3125 κλεινὸς]
818 3040 863 3105 Cf.
894 3043 945 3105 40.
973 3044 1066 3105 1255.
1101 3040 1184 3106 0.(1.
1211 3044 1305 3106 1446.
1334 3045 1384 3125 Α]’.
1410 3044 1482 3105 598.
1505 3048 1600 3107 πᾶσιν

369 3129 559 3211 περέφαντος
582 3130 636 3193 ἀεί.
661 3128 740 3192 Phil.
767 3132 839 3193 575.
863 3132 912 3195 δ’δ’
936 3130 1006 3195 ἔσθ’
1030 3132 1049 3195 ὁ
1072 3137 1147 3195 πᾶσι
1169 3130 1291 3202 κλεινὸς
1318 3130 1477 3203 Οἰδίπους.

461 3220 487 3282 9.
512 3218 578 3281 έπεὶ
605 3221 738 3300 πρέπων
766 3219 860 3304 ἔφυς]
895 3220 1008 3284 Since
1040 3242 1115 3303 you
1153 3242 1216 3286 are
1248 3222 1311 3286 the
1344 3240 1483 3305 proper
1514 3240 1598 3305 por-

369 3327 437 3370 son
463 3313 519 3372 ete.
561 3308 607 3371 Gl.
634 3309 667 3371 B.
691 3311 839 3391 πρέπων;
874 3311 1036 3391 ἁρμόζων.
1077 3311 1122 3374 Cf.
1146 3310 1194 3373 111.
1219 3311 1292 3373 664.
1324 3312 1436 3391 πρέπει
1465 3311 1525 3393 γάρ
1553 3311 1600 3381 ὡς

369 3398 522 3478 τύραννος
554 3400 689 3480 εἰσορᾶν.
724 3399 836 3463 Aesch.
868 3400 950 3463 Pers.
976 3403 1049 3463 252.
1081 3399 1175 3463 τοῦδε
1207 3399 1268 3481 γὰρ
1302 3400 1455 3483 δράμημα
1490 3400 1599 3482 φωτὸς

370 3485 530 3569 Περσικὸν
557 3489 669 3567 πρέπει
696 3488 821 3570 μαθεῖν.
852 3488 958 3572 Suppl.
986 3491 1058 3552 719.
1081 3491 1238 3570 πρέπουσι
1262 3488 1291 3552 δ’
1314 3490 1429 3571 ἄνδρες
1451 3491 1532 3553 νάϊοι
1557 3526 1598 3535 -

369 3575 453 3638 ἰδεῖν.
479 3575 552 3639 Eur.
572 3577 638 3639 Alc.
657 3578 751 3641 1069.
776 3580 830 3641 νέα
855 3578 929 3659 γάρ,
954 3579 1001 3648 ὡς
1024 3579 1132 3661 ἐσθῆτι
1147 3579 1201 3641 καῖ
1216 3579 1331 3660 κόσμῳ
1346 3581 1466 3661 πρέπει.
1491 3578 1598 3662 Suppl.

371 3665 464 3727 1956.
489 3665 535 3735 ὡς
561 3667 621 3728 οὐκ
644 3666 693 3729 ἐπ’
718 3667 809 3748 ἀνδρὶ
832 3669 989 3749 πένθιμος
1011 3669 1141 3748 πρέπεις
1164 3668 1251 3749 ὁρᾶν.
1276 3667 1390 3731 Bacch.
1417 3669 1510 3731 1186.

461 3754 508 3816 19.
532 3754 597 3836 πρὸ
625 3756 726 3819 τῶνδε
755 3756 885 3839 φωνεῖν]
919 3756 963 3819 Of.
989 3756 1024 3820 Ο.
1041 3757 1074 3821 O.
1099 3758 1171 3820 811.
1205 3757 1335 3820 ἄπελθ’·
1368 3758 1433 3839 έρῶ
1461 3757 1521 3838 γάρ
1545 3758 1599 3821 καλ

367 3842 432 3923 πρὸ
463 3843 572 3906 τῶνδε.
610 3843 685 3907 Eur.
709 3846 777 3907 Alc.
804 3846 853 3909 18.
893 3846 958 3928 ἥτις
990 3846 1087 3927 ἤθελε
1112 3846 1115 3926 ]
1140 3847 1250 3909 θανεῖν
1281 3846 1346 3929 πρὸ
1378 3848 1491 3911 κείνου.
1525 3849 1597 3910 326.

368 3932 493 4013 θάρσει·
521 3932 586 4013 πρὸ
608 3934 722 3997 τούτου
746 3934 806 4016 γὰρ
830 3935 928 4015 λέγειν
952 3936 1161 4017 αὐγάζομαι.
1192 3936 1264 3998 716.
1287 3934 1363 3998 Her.
1389 3936 1462 3998 622.
1484 3937 1549 4018 πρό
1572 3936 1598 3998 τ’

368 4014 518 4103 ἀδελφῶν
546 4021 600 4085 καὶ
624 4028 689 4104 γᾶς.
722 4022 815 4086 Hom.
839 4024 875 4087 ll.
900 4026 929 4106 8,
954 4027 1003 4087 57.
1036 4026 1197 4107 μάχεσθαι
1228 4024 1292 4105 πρό
1324 4049 1356 4087 τε
1387 4025 1513 4088 παίδων
1544 4026 1598 4087 καὶ

366 4110 431 4191 πρὸ
455 4117 623 4191 γυναικῶν.
650 4111 767 4175 Herod.
792 4113 816 4176 I.
843 4114 914 4175 152.
939 4114 1057 4177 εἵλοντο
1080 4113 1144 4195 πρὸ
1167 4114 1296 4177 πάντων
1319 4114 1418 4193 λέγειν
1440 4113 1494 4177 τὸν
1521 4114 1596 4177 Φω-

367 4200 454 4262 καέα.
481 4202 549 4263 Act.
574 4204 683 4284 Apost.
710 4202 759 4282 14,
787 4203 834 4264 13.
859 4203 877 4266 δ
902 4202 936 4265 δέ
960 4203 1061 4283 ἱερεὺς
1083 4209 1139 4266 τοῦ
1163 4201 1238 4273 Διὸς
1263 4208 1319 4266 τοῦ
1344 4204 1434 4273 ὄντος
1456 4201 1521 4286 πρὸ
1543 4210 1598 4286 τῆς

366 4288 491 4359 πόλεως
523 4290 629 4352 αὐτῶν
661 4291 797 4371 ταύρους
830 4292 882 4354 καὶ
915 4293 1075 4374 στέμματα
1108 4292 1158 4355 &nl
1189 4291 1263 4362 τοὺς
1290 4292 1440 4362 πυλῶνας
1468 4294 1598 4374 ἐνέγκας

366 4376 424 4440 σὺν
456 4385 519 4448 τοῖς
552 4380 658 4461 ὄχλοις
690 4379 787 4461 ἤθελε
820 4381 916 4444 θύειν.
994 4383 1050 4444 τίνι
1078 4383 1189 4463 τρόπῳ
1211 4378 1400 4466 καθέστατε]
1433 4381 1476 4444 In
1501 4382 1599 4446 what

367 4486 522 4532 manner
550 4469 778 4549 (condition)
805 4489 881 4551 you
908 4489 970 4534 are
998 4471 1141 4553 placed.
1181 4471 1226 4534 ef.
1251 4469 1285 4534 Ο.
1303 4468 1335 4532 O.
1360 4472 1411 4533 23.
1440 4471 1513 4534 ὅποι
1537 4494 1595 4535 κα-

366 4555 531 4638 θέστσμεν.

458 4648 506 4708 11.
531 4647 701 4732 δείσαντες]
729 4648 821 4712 Prae
846 4654 953 4713 metu.
978 4650 1113 4713 01448.
1133 4650 1183 4711 99.
1202 4650 1381 4731 προδεῖσας.
1406 4650 1482 4712 Ant.
1502 4651 1596 4713 1189.

366 4733 503 4799 δείσασα.
571 4736 766 4820 στέρξαντες]
799 4737 952 4819 Having
980 4744 1049 4821 put
1077 4758 1124 4821 up
1152 4740 1254 4817 with,
1283 4738 1535 4803 0001000661.
1563 4741 1596 4803 B.

365 4824 558 4913 στέρξαντες;
595 4828 761 4907 παθόντες.
806 4827 849 4891 Of.
879 4827 959 4901 Phil.
989 4829 1062 4891 538.
1098 4829 1295 4910 προύμαθον
1327 4830 1464 4913 στέργειν
1501 4831 1595 4905 κακά.
