3984 5850
666 1523 759 1605 ΔΙ)
805 1522 1223 1605 LECTOREM.

863 1735 1023 1743 -————·-—

415 1891 468 1955 Ex
491 1911 555 1974 quo
578 1893 716 1977 primum
739 1890 906 1979 Sophoclis
932 1894 1113 1959 fabularum
1138 1894 1286 1961 editionis
1314 1895 1554 1961 concinnandae

325 2020 456 2085 operam
488 2002 638 2085 suscepi¹
669 2021 738 2065 mos
771 2002 849 2065 mihi
880 2004 944 2066 fuit
979 2001 1155 2067 identidem
1189 2002 1342 2087 quicquid
1375 2003 1414 2073 ed
1443 2007 1555 2085 poetae

324 2126 505 2172 sermonem
539 2106 762 2172 illustrandum
794 2114 826 2173 et
861 2115 1001 2175 mentem
1038 2110 1259 2194 explicandam
1297 2109 1374 2175 utile
1411 2111 1554 2175 futurum

324 2214 489 2278 videretur
511 2220 664 2280 annotans
687 2221 719 2280 et
741 2216 861 2281 scrinio
885 2235 955 2280 meo
984 2218 1195 2299 committere,
1225 2224 1261 2281 ut
1288 2237 1371 2281 nova
1400 2219 1553 2300 materies,

324 2322 353 2384 si
375 2321 456 2385 forte
478 2321 577 2385 alters
599 2322 695 2386 editio
718 2343 790 2388 mea
813 2324 1042 2406 requireretur,
1066 2324 1106 2387 ad
1129 2344 1259 2389 manum
1282 2328 1405 2410 praesto
1429 2327 1517 2388 esset.

413 2427 483 2493 Has
506 2428 743 2495 observationes
766 2450 866 2509 meas,
891 2451 971 2515 quas
993 2432 1110 2515 pariter
1133 2438 1228 2515 atque
1261 2431 1452 2497 Adversaris
1484 2451 1555 2497 mea

325 2536 434 2598 critica
457 2537 490 2598 in
515 2535 717 2620 Sophoclem,
746 2536 952 2621 Spicilegium
976 2540 1144 2623 tragicum,
1172 2538 1365 2604 Adversaris
1392 2539 1426 2605 in
1449 2539 1554 2603 varios

322 2648 433 2725 poetas
460 2641 598 2708 Graecos
625 2662 663 2707 ac
690 2642 834 2726 Latinos,
862 2650 893 2708 et
920 2645 1115 2710 Adversaris
1142 2648 1174 2709 iu
1204 2647 1393 2729 tragicorum
1417 2645 1553 2709 Graeco-

323 2767 396 2811 rum
412 2749 601 2833 fragmeota,
624 2751 778 2815 studiosis
796 2749 962 2835 Sophoclis
976 2752 1149 2817 lectoribus
1173 2752 1352 2835 futurisque
1376 2751 1552 2817 editoribus

322 2874 391 2919 uon
413 2856 543 2921 inutiles
569 2858 635 2923 lore
662 2877 769 2942 spero,
801 2860 833 2923 io
863 2860 923 2923 hoc
950 2860 1102 2924 volumen
1130 2858 1278 2926 collectas
1308 2859 1402 2926 hodie
1432 2860 1553 2945 publici

318 2964 405 3045 juris
426 2965 507 3028 facio
535 2965 726 3048 lectorisque
749 2966 883 3051 benigni
905 2968 1123 3047 indulgentiae
1147 2966 1344 3032 commendo.

368 3123 552 3190 Scribebem
568 3125 785 3211 Brightoniae,
803 3127 854 3191 26.
871 3127 1001 3192 Vernon
1016 3126 1158 3211 Terrace,
1175 3127 1252 3193 Maii
1273 3129 1323 3194 die
1343 3130 1393 3192 17.
1413 3129 1506 3192 1903.

412 3373 439 3440 1)
458 3372 575 3443 Oedipus
598 3374 668 3442 Rex,
697 3373 816 3444 Oedipus
839 3373 984 3442 Coloneus,
1014 3377 1146 3445 Antigone
1171 3377 1209 3446 (in
1233 3375 1401 3431 Bibliotheca
1426 3376 1551 3444 Classica,

323 3477 375 3516 one
391 3460 507 3531 volume,
526 3461 635 3530 esch
656 3464 769 3518 lundon
785 3464 862 3520 1859.
891 3465 1052 3519 Philoctetes
1072 3466 1148 3521 1870.
1176 3465 1330 3521 Trachinlae
1352 3465 1428 3520 1871.
1447 3464 1554 3520 Electra

322 3550 400 3606 1873.
420 3551 492 3621 AJax
511 3552 588 3607 1875.
625 3551 724 3609 Omnes
743 3569 804 3609 cum
822 3555 893 3609 noha
913 3555 1039 3625 Anglicis.
1063 3555 1198 3611 Williems
1215 3555 1415 3626 raedarguere,
1434 3555 1551 3610 Medon.
