3984 5850
848 716 980 761 ττυυυτιι
1464 699 1526 762 161
1638 748 1642 759 .

392 877 486 939 1310.
509 876 648 958 φαιδρὸν
670 876 790 959 τούμὸν
806 878 916 958 ὄφεται
932 875 1034 960 κάρα]
1060 875 1103 939 01.
1120 877 1223 959 Apoll.
1239 876 1340 941 Rhod.
1356 877 1413 941 III.
1433 878 1527 940 1023.

300 966 427 1049 ἱμερόεν
449 966 619 1048 φαιδρῇσιν
642 965 696 1028 ὑπ’
721 966 838 1049 ὀφρύσι
860 966 1069 1048 μειδιόωντες.

393 1056 485 1119 1311.
509 1054 665 1138 ἐντέτηκε]
699 1055 744 1119 01.
774 1056 814 1118 ad
840 1056 888 1118 Tr.
918 1056 991 1118 463.
1024 1055 1107 1139 Plat.
1133 1055 1259 1119 Menex.
1284 1057 1348 1117 245
1365 1053 1402 1117 Ι).
1435 1053 1527 1119 Diod.

301 1145 360 1209 Sic.
386 1144 485 1208 183.

394 1236 486 1297 1315.
510 1234 650 1315 εἴργασαι
679 1234 714 1296 δέ
740 1232 775 1315 μ’
804 1232 947 1317 ἄσκοπα]
985 1234 1030 1298 01.
1055 1236 1104 1315 Aj.
1129 1235 1180 1296 21.
1214 1240 1338 1316 πρᾶγος
1374 1236 1527 1298 άσκσπσν.

303 1324 347 1386 El.
373 1324 446 1386 864.
470 1324 613 1393 ἄσκοπος
636 1324 655 1385 ά
679 1324 778 1406 λώβα.
801 1322 858 1386 Ph.
885 1325 977 1385 llll.
1001 1324 1129 1387 ἄσκοπα
1152 1325 1277 1406 κρυπτά
1299 1323 1325 1385 τ’
1349 1325 1418 1407 ἔπη.

394 1414 486 1475 1319.
509 1408 609 1497 μόνη]
635 1411 678 1475 01.
704 1413 776 1476 119.

392 1503 486 1566 1320.
510 1502 571 1564 οὐκ
594 1504 633 1564 ἂν
657 1503 746 1565 δυοῖν
768 1500 923 1585 ἥμαρτον]
949 1502 994 1565 01.
1010 1502 1106 1566 Thuo.
1118 1502 1143 1565 I.
1154 1504 1204 1565 33.
1223 1502 1378 1566 Andocid.
1395 1523 1423 1587 p.
1435 1506 1465 1585 4,
1478 1504 1526 1565 11.

302 1592 397 1655 Isocr.
421 1612 449 1674 p.
475 1592 539 1654 229
557 1588 593 1653 D.
627 1592 715 1654 δυοῖν
747 1597 811 1653 τοῖν
844 1592 1012 1673 αἰσχίστων
1041 1592 1079 1653 οὐ
1109 1592 1387 1673 διαμαρτάνουσιν·
1420 1593 1449 1655 εἰ
1468 1592 1528 1674 μὲν

302 1681 362 1763 γάρ
380 1718 435 1753 -,
460 1682 488 1742 εἰ
510 1680 544 1743 δὲ
561 1718 616 1741 -.
642 1680 716 1742 Eur.
741 1678 840 1744 Orest.
865 1681 958 1743 1151.
982 1680 1054 1751 ἑνός
1076 1680 1138 1763 γάρ
1162 1682 1200 1744 οὐ
1224 1681 1392 1763 σφαλέντες
1414 1681 1530 1764 ἕξομεν

301 1771 401 1840 κλέος.
428 1771 521 1831 1145.
545 1770 653 1840 καλῶς
675 1769 826 1839 θανόντες
849 1771 870 1851 ἢ
893 1771 1002 1840 καλῶς
1024 1771 1227 1851 σεσωσμένοι.

394 1861 487 1921 1322.
512 1857 664 1941 ἐπῄνεσα]
690 1858 712 1921 Ι.
731 1878 758 1941 q.
775 1859 947 1941 παρῄνεσα.
981 1859 1026 1923 01.
1043 1858 1078 1923 Ο.
1092 1859 1125 1922 0.
1142 1859 1215 1921 665.
1284 1860 1331 1930 ὡς
1346 1859 1396 1923 ἔπ’
1412 1858 1528 1943 ἐξόδῳ]

302 1948 346 2011 01.
370 1948 417 2011 Tr.
443 1949 516 2011 532.
539 1950 606 2010 κατ’
630 1946 719 2011 οῖκον
742 1948 898 2029 θροεῖ-
923 1949 970 2019 ὡς
993 1948 1042 2012 ἐπ’
1066 1949 1179 2030 ἐξόδῳ.
1203 1948 1277 2011 Eur.
1301 1949 1368 2013 Ion.
1394 1950 1466 2013 515.

394 2038 487 2100 1323.
511 2042 575 2099 τῶν
606 2036 750 2119 ἔνδοθεν]
784 2037 829 2100 01.
862 2037 968 2101 Traoh.
999 2038 1070 2100 601.
1103 2043 1169 2108 ταῖς
1196 2038 1320 2101 ἔσωθεν
1349 2077 1389 2085 -
1418 2039 1528 2111 ξέναις.

303 2128 398 2191 Arist.
423 2126 469 2189 ΡΙ.
494 2128 566 2189 228.
590 2126 713 2189 τουτοδῖ
736 2125 886 2207 κρεάδιον
906 2128 910 2208 ]
930 2132 995 2190 τῶν
1023 2126 1156 2190 ἔνδοθέν
1178 2151 1223 2197 τις
1246 2128 1449 2208 εἰσενεγκάτω
1473 2127 1528 2190 λα-

300 2218 379 2298 βών.
413 2216 485 2277 064.
518 2217 596 2297 φέρε
624 2240 681 2278 νυν
704 2216 768 2296 ἐγὼ
791 2221 856 2279 τῶν
879 2217 1012 2279 ἔνδοθεν
1033 2216 1159 2279 καλέσω
1183 2218 1258 2279 τινά.
1287 2215 1370 2279 Xen.
1394 2214 1465 2297 Cyr.
1489 2216 1528 2278 V.

303 2309 330 2367 2.
349 2308 377 2367 5.
401 2303 474 2375 τοὺς
497 2304 629 2367 ἔνδοθεν
651 2305 770 2374 πάντας
794 2306 885 2387 ἐξῆγε
907 2306 1064 2387 φέροντας
1087 2304 1174 2368 οἶνον
1197 2311 1254 2369 etc.
1279 2304 1367 2369 [λεια.
1388 2325 1416 2388 p.
1436 2305 1528 2368 1046.

302 2394 404 2458 πολλὰ
428 2399 492 2457 τῶν
515 2394 648 2457 ἔνδοθεν
672 2395 862 2476 ἐκφορήσας.

395 2486 488 2547 1324.
513 2483 557 2547 01.
583 2482 630 2545 Fr.
656 2484 707 2565 61,
732 2486 760 2545 3.
784 2484 887 2553 ἄλλως
910 2507 941 2545 τε
964 2483 1019 2545 καὶ
1041 2484 1123 2566 κόρη
1146 2508 1178 2546 τε
1200 2484 1330 2565 κάργεία
1355 2485 1452 2565 γένος.

395 2575 487 2636 1327.
512 2572 576 2655 ἐγὼ
601 2572 635 2635 δὲ
658 2574 767 2654 ταρβῶ
790 2573 835 2654 μὴ
862 2610 902 2619 -
925 2574 1021 2655 θῆται
1048 2572 1125 2654 παρ’
1153 2573 1248 2637 οὐδὲν
1274 2573 1329 2643 τάς
1357 2573 1436 2655 ἐμάς
1464 2574 1529 2637 ἔπι-

303 2664 422 2733 στολάς.
447 2660 482 2725 Ο.
499 2662 534 2724 R.
560 2663 632 2725 983.
658 2664 731 2724 Ant.
757 2664 806 2723 34.
831 2662 904 2724 466.

395 2753 487 2815 1328.
512 2751 656 2834 ἐγγενὴς]
681 2750 726 2814 01.
744 2750 833 2813 Pind.
845 2750 882 2813 N.
893 2752 934 2814 X.
946 2752 996 2813 95.
1013 2752 1118 2833 σφίσιν
1133 2752 1255 2833 ἐγγενὲς
1270 2754 1370 2834 ἔμμεν
1386 2753 1529 2833 ἀγαθοῖς.

396 2843 487 2903 1334.
512 2841 677 2922 εὐλάβειαν
695 2878 733 2885 -
751 2838 955 2923 προυθέμην]
980 2839 1023 2903 01.
1049 2839 1084 2903 0.
1101 2842 1136 2904 R.
1162 2842 1256 2905 1460.
1279 2843 1405 2906 παίδων
1429 2842 1464 2905 δὲ
1488 2880 1530 2889 -

302 2934 347 3014 μή
364 2955 432 3013 μοι,
451 2931 564 3012 Κρέον,
586 2930 590 3014 l
611 2931 721 3013 προθῇ
746 2931 886 3013 (προσθῇ
903 2933 987 3010 mss.)
1010 2932 1175 3012 μέριμναν.
1203 2933 1272 2994 134.
1294 2933 1366 2995 287.
1391 2933 1439 3014 Aj.
1458 2933 1529 2994 536.

395 3021 487 3082 1336.
512 3020 672 3103 ἀπλήστου
692 3057 731 3065 -
748 3019 805 3082 σὺν
828 3028 914 3102 χαρᾷ
936 3020 1032 3103 βοῆς]
1058 3018 1101 3082 01.
1126 3021 1201 3084 Eur.
1226 3020 1333 3105 Suppl.
1356 3022 1405 3083 79.
1429 3022 1529 3104 άπλη-

302 3135 374 3181 στος
398 3147 439 3155 -
463 3110 553 3192 χάρις
577 3110 671 3190 γόων.

396 3200 487 3262 1337.
512 3201 587 3262 εἴσω
610 3198 793 3282 παρέλθω]
817 3197 861 3261 01.
886 3200 1010 3262 Arrian.
1033 3199 1104 3262 Ind.
1128 3200 1180 3280 23,
1201 3201 1229 3260 3.
1253 3199 1300 3269 ὡς
1324 3199 1359 3262 δὲ
1382 3201 1446 3263 ἔσω
1470 3224 1530 3262 πυ-

304 3290 385 3352 λέων
408 3288 569 3370 παρῆλθε,
593 3295 650 3352 ete.

396 3379 488 3439 1338.
513 3378 714 3459 ἀπηλλάχθαι
740 3378 767 3440 δ’
792 3375 898 3460 ἀκμή]
928 3375 971 3439 01.
995 3377 1033 3439 ad
1060 3379 1110 3439 22.
1134 3379 1238 3459 ἔργων
1262 3378 1358 3460 ἀκμή.
1383 3379 1457 3441 Eur.
1482 3378 1529 3440 El.

304 3469 376 3530 684.
401 3467 527 3548 στείχειν
556 3466 585 3529 δ’
610 3467 705 3548 ἀκμή.
739 3467 852 3530 Αεεοίι.
878 3467 935 3548 Ag.
965 3468 1056 3529 1324.
1088 3467 1124 3528 τό
1150 3467 1196 3548 μὴ
1224 3467 1346 3547 μέλλειν
1375 3468 1403 3529 δ’
1431 3469 1529 3549 ἀκμή.

303 3557 389 3620 Pers.
414 3557 487 3618 407.
511 3555 635 3618 κούκέτ’
659 3556 698 3637 ἦν
721 3556 843 3637 μέλλειν
867 3555 963 3637 ἀκμή.

397 3646 488 3707 1339.
513 3644 649 3727 εἰσιόντι]
675 3643 717 3707 01.
741 3646 837 3707 Arist.
860 3645 938 3708 Aah.
957 3645 1029 3707 970.
1054 3645 1161 3726 εἴσειμ’
1185 3645 1262 3707 ὑπαὶ
1285 3645 1451 3726 πτερύγων
1476 3682 1530 3706 -.

304 3736 376 3798 202.
401 3735 470 3806 ύξω
493 3733 530 3796 τό
554 3737 622 3796 κατ’
646 3733 765 3816 ἀγροὺς
788 3733 893 3797 εἰσιὼν
916 3733 1073 3797 Διονύσια.

397 3823 489 3885 1340.
512 3823 646 3904 ὑπάρχει
664 3823 721 3905 -]
751 3822 795 3886 01.
820 3825 916 3885 Arist.
939 3823 993 3886 Th.
1019 3824 1092 3885 851.
1116 3825 1244 3894 πάντως
1268 3823 1296 3887 δ’
1320 3825 1453 3907 ὑπάρχει
1475 3849 1531 3906 μοι

304 3914 463 3996 γυναικεία
496 3912 597 3994 στολή.
635 3913 726 3974 1012.
765 3911 848 3974 Eccl.
876 3914 946 3974 114.
980 3914 1056 3994 ἡμῖν
1090 3912 1119 3975 δ’
1152 3913 1285 3994 ὑπάρχει
1322 3920 1415 3976 τοῦτο
1451 3913 1530 3976 κατὰ

301 4005 400 4085 τύχην
422 4002 496 4064 τινά.
520 4000 602 4064 Xen.
627 4000 720 4065 Mem.
745 4003 773 4084 2,
799 4003 827 4082 3,
851 4005 880 4062 4.
913 4001 994 4083 πρὸς
1027 4002 1132 4083 φιλίαν
1159 4004 1241 4083 μέγα
1270 4003 1404 4085 ὑπάρχει
1431 4003 1466 4065 τὸ
1494 4006 1531 4066 ἐκ

303 4097 367 4155 τῶν
390 4092 496 4154 αὑτῶν
520 4096 625 4172 φῦναι.

396 4182 487 4242 1341.
512 4180 656 4261 ἤγγειλας
681 4217 722 4225 -
746 4181 792 4250 ὡς
814 4180 1007 4263 τεθνηκότα]
1038 4181 1083 4244 01.
1108 4179 1183 4243 Eur.
1207 4180 1278 4244 Hel.
1303 4181 1376 4244 617.
1405 4181 1452 4251 ὡς
1478 4183 1530 4263 βε-

301 4274 439 4354 βηκυῖαν
464 4307 503 4315 -
529 4270 687 4352 ἤγγελλον.
1586 4265 1590 4272 ’

396 4361 488 4422 1344.
512 4359 722 4442 τελουμένων]
748 4359 792 4423 01.
817 4359 891 4422 Eur.
916 4360 1016 4422 Andr.
1041 4360 1114 4422 998.
1138 4359 1337 4441 τελουμένων
1361 4359 1395 4423 δὲ
1419 4359 1533 4442 Δελφλς

304 4451 412 4512 εἴσεται
435 4449 542 4529 πέτρα.
567 4449 635 4512 Ale.
661 4451 711 4512 88.
736 4449 800 4531 Iph.
827 4450 863 4510 A.
892 4450 984 4511 1022.
1369 4466 1372 4474 ·

396 4540 489 4601 1347.
513 4539 546 4608 ἐς
569 4539 677 4620 θυμόν
701 4537 808 4620 φέρω]
838 4537 884 4601 01.
909 4537 983 4600 Luc.
1009 4537 1065 4599 Er.
1090 4537 1147 4600 IX.
1171 4540 1223 4601 44.
1257 4539 1356 4601 θέσθε
1379 4538 1468 4620 ὑμεῖς
1491 4541 1533 4609 εἷς

303 4628 338 4690 τὰ
363 4625 430 4692 α’πα
453 4627 547 4709 ὑμῶν
570 4626 643 4698 τοὺς
666 4628 781 4708 λόγους
804 4628 941 4696 τούτους.

395 4718 489 4779 1354.
514 4714 543 4780 α’)
567 4717 713 4799 φίλτατον
736 4721 809 4798 φῶς
833 4715 892 4800 -]
927 4715 968 4778 01.
995 4717 1067 4778 Eur.
1094 4717 1160 4780 Ion.
1188 4718 1280 4780 1438.
1310 4714 1534 4791 ὠτέκνον,ὦ

303 4813 375 4890 φῶς
399 4806 492 4889 μητρλ
515 4812 662 4888 κρεῖσσον
684 4805 782 4888 ἡλίου.
807 4805 899 4869 Herc.
925 4806 998 4868 531.

1279 4915 1317 4977 11
