3984 5850
439 594 503 655 218
900 612 1025 659 οτοτεσε
1049 613 1202 659 conomius

439 771 511 836 Pac.
528 773 600 835 608.
623 773 703 855 μῆτε
726 779 783 855 γῆς
805 774 883 855 μήτε
906 773 1043 855 λιμένων
1067 772 1214 837 Ἀττικῶν
1237 774 1352 845 αύτούς
1376 774 1550 857 ἐπιβαίνειν.
1590 776 1666 841 Usi-

438 862 533 925 iatior
555 861 671 925 locutio
695 866 744 925 est
766 863 963 945 ἐπεμβαίνειν
985 863 1042 925 τινί
1065 861 1111 925 Ε1.
1129 864 1293 927 456835.
1333 862 1486 929 Similiter
1508 890 1665 949 προστυγ-

437 950 542 1033 χάνειν
564 974 646 1021 τινος
669 948 716 1013 ΕΙ.
742 952 836 1014 1463.
860 952 917 1016 Ph.
942 954 1015 1015 552.

529 1060 601 1121 927.
625 1058 729 1122 είλκον
752 1096 793 1104 -
818 1057 909 1142 ῆγον]
947 1058 993 1123 01.
1022 1060 1157 1143 Appian.
1186 1058 1221 1122 B.
1246 1060 1279 1124 0.
1307 1060 1364 1123 ΙΠ.
1390 1062 1440 1124 77.
1477 1062 1564 1143 ἄγειν
1596 1063 1663 1126 ἐκέ-

437 1149 545 1211 λευσεν
568 1148 723 1219 ἕλκοντας.
747 1148 861 1212 thill.
884 1149 947 1213 rat.
973 1148 1060 1213 VIII.
1079 1152 1128 1214 14.
1146 1152 1174 1213 5.
1197 1149 1252 1213 τὸν
1275 1149 1336 1231 γὰρ
1358 1149 1538 1234 Σωσθένην
1561 1151 1665 1215 εἷλκον

438 1238 573 1319 ἄγοντες.
643 1238 709 1300 ἀλλ’
733 1238 923 1321 ἠπιστάμην]
948 1236 1209 1301 Subaudiendum
1226 1240 1273 1303 ἄν.
1313 1238 1357 1304 Cf.
1375 1240 1449 1304 996.
1473 1241 1559 1305 etad
1576 1241 1611 1304 Ο.
1628 1241 1664 1305 R.

438 1328 512 1391 936.
536 1327 632 1390 Arist.
655 1326 713 1410 Eq.
740 1328 834 1391 1057.
858 1328 924 1390 ἀλλ’
948 1328 1009 1391 οὐκ
1033 1330 1072 1391 ἂν
1094 1329 1278 1410 μαχέσαιτο·
1306 1330 1431 1412 χέσαιτο
1455 1328 1528 1411 γάρ,
1553 1331 1581 1393 εἰ
1600 1356 1663 1413 μα-

438 1416 570 1499 χέσαιτο.
593 1417 672 1481 Ρ1α1
696 1416 765 1481 Per.
783 1418 833 1479 34.
858 1418 918 1480 οὐκ
941 1420 981 1480 ἂν
997 1454 1039 1463 -
1055 1418 1252 1501 προύβησαν,
1276 1418 1353 1482 ἀλλὰ
1377 1419 1498 1501 ταχέως
1521 1419 1664 1483 ἀπεῖπον.

528 1525 601 1587 930.
623 1523 680 1607 τὴν
702 1524 797 1595 αὐτὸς
820 1524 933 1609 αὑτοῦ]
966 1524 1097 1590 Poetice
1123 1526 1261 1609 positum
1289 1544 1346 1609 pro
1373 1525 1430 1608 τῆν
1453 1526 1548 1597 αὐτὸς
1570 1550 1663 1591 σεαυ-

437 1619 501 1679 τοῦ.
541 1612 586 1678 Of.
617 1614 712 1677 1356.
737 1613 823 1678 0.R.
855 1614 927 1677 138.
954 1614 1048 1677 1237.
1081 1612 1128 1677 ΕΙ.
1154 1616 1227 1677 285.
1262 1616 1312 1696 Aj.
1340 1616 1432 1678 1132.
1466 1617 1579 1679 Aesoh.
1604 1617 1664 1699 Ag.

438 1704 511 1767 836.
537 1709 598 1773 τοῖς
620 1702 647 1764 τ’
670 1702 766 1774 αὐτὸς
787 1704 885 1767 αὐτοῦ
908 1704 1050 1786 πήμασιν
1072 1704 1248 1786 βαρύνεται.
1276 1702 1352 1767 Eur.
1376 1705 1443 1767 Alc.
1468 1706 1541 1767 461.
1565 1706 1664 1769 Arist.

439 1792 495 1877 riq.
523 1794 616 1855 1349.
655 1791 717 1857 Sed
740 1794 837 1857 Arist.
861 1791 933 1874 bys,
952 1795 1046 1856 1125.
1070 1794 1147 1875 αὐτῆ
1171 1794 1197 1855 τ’
1221 1794 1359 1877 ἐμαυτῆς
1382 1794 1421 1857 ού
1444 1799 1556 1865 κακῶς
1579 1797 1663 1876 γνώ-

436 1907 500 1965 μης
528 1883 601 1965 ἔχω.
633 1882 760 1945 Timocl.
785 1882 814 1963 6,
840 1883 889 1945 19.
922 1882 1056 1947 Philem.
1082 1883 1153 1964 134,
1178 1885 1206 1946 2.
1245 1882 1398 1947 Similiter
1420 1884 1535 1947 Aescli.
1559 1883 1664 1947 Prom.

438 1973 511 2035 284.
543 1970 625 2054 πρὸς
656 1972 759 2034 ἄλλοτ’
791 1972 886 2035 ἄλλον
917 1972 1046 2055 πημονὴ
1079 1972 1251 2046 καθιζάνει.
1286 1974 1358 2035 921.
1385 1978 1470 2035 τοῖον
1492 1973 1665 2057 παλαιστὴν

437 2068 494 2125 νῦν
516 2061 787 2142 παρασκευάζεται
807 2061 812 2144 Ι
832 2062 882 2125 ἐπ’
905 2060 1000 2131 αὐτὸς
1016 2062 1112 2143 αύτῷ.
1136 2060 1254 2125 Herod.
1267 2061 1292 2124 Ι.
1306 2064 1355 2124 51.
1380 2067 1444 2126 τῶν
1459 2086 1503 2133 τις
1520 2060 1663 2145 Δελφῶν.

482 2151 501 2214 ὁ
527 2152 685 2233 πληθύων
712 2148 843 2236 χρόνος]
881 2149 926 2213 01.
956 2152 1029 2213 377.
1062 2150 1108 2221 ῶς
1139 2150 1217 2214 καθ’
1249 2152 1334 2233 ἡμᾶς
1361 2150 1431 2214 ἔσθ’
1460 2152 1479 2214 ὁ
1506 2151 1664 2235 πληθύων

437 2240 539 2322 λόγος.
564 2241 676 2306 Aesch.
701 2242 760 2324 Ag.
784 2241 857 2304 869.
881 2240 928 2311 ώς
951 2240 1115 2324 ἐπλήθυον
1137 2240 1232 2323 λόγοι.

528 2350 601 2411 931.
625 2348 770 2432 γέρονθ’]
795 2348 839 2411 61.
856 2350 930 2412 Ant.
947 2350 1021 2411 281.
1043 2348 1089 2431 μῆ
1116 2348 1288 2431 ’φευρεθῇς
1310 2349 1407 2418 ὄνους
1429 2372 1461 2411 τε
1483 2348 1537 2411 καί
1561 2350 1664 2433 γέρων
1691 2415 1693 2419 ,

437 2440 513 2520 ἅμα.
538 2436 573 2501 O.
589 2438 626 2502 R.
650 2439 724 2500 462.
748 2438 844 2501 Arist.
861 2436 918 2519 Eq.
938 2439 1032 2501 1349.
1061 2438 1195 2520 ἀνόητος
1212 2476 1253 2484 -
1269 2437 1323 2501 καὶ
1347 2439 1457 2520 γέρων.
1526 2444 1582 2501 τοῦ
1605 2444 1664 2503 νοῦ

437 2526 542 2611 κενόν]
575 2527 620 2591 Of.
644 2527 693 2591 Fr.
718 2529 792 2608 843,
815 2529 843 2589 2.
876 2529 986 2609 ἥσσων
1017 2526 1077 2609 μὲν
1105 2528 1203 2610 ὀργῆς
1231 2528 1305 2601 ἐστι,
1337 2532 1394 2590 τοῦ
1423 2527 1457 2591 di
1481 2533 1539 2591 νοῦ
1562 2528 1663 2598 κενός.

438 2616 485 2679 ΕΙ.
509 2617 582 2681 463.
606 2623 664 2681 νοῦ
689 2654 730 2662 -
754 2618 839 2698 κενή.
863 2616 937 2680 Ant
963 2617 1036 2679 754.
1060 2622 1189 2699 φρενῶν
1213 2654 1254 2662 —-
1278 2617 1378 2687 κενάς.

527 2708 600 2770 932.
624 2705 724 2789 εἷπον]
748 2706 772 2768 Ι.
797 2724 825 2787 q.
849 2706 1010 2777 ἐκέλευσα,
1038 2706 1167 2769 κελεύω.
1192 2706 1238 2769 El.
1262 2708 1355 2769 1456.
1379 2706 1398 2789 ἦ
1422 2706 1522 2771 πολλὰ
1546 2708 1665 2789 χαίρειν

436 2796 472 2880 μ’
495 2795 584 2867 εἶπας
607 2796 667 2859 οὐκ
691 2794 862 2865 εἰωθότως.
888 2795 967 2858 Phil.
994 2796 1065 2857 101.

528 2887 600 2950 934.
625 2884 678 2949 Sic
693 2886 854 2968 Artames,
879 2886 935 2968 qui
954 2883 1114 2950 Salamine
1138 2884 1246 2968 periit,
1268 2886 1388 2950 ironice
1405 2886 1544 2969 σκληρᾶς
1558 2886 1663 2969 με’τοι-

437 3000 495 3047 κος
527 2982 585 3058 γῆς
617 2976 736 3039 dieitur
768 2976 879 3039 Aesoh.
908 2974 994 3040 Pers.
1025 2976 1097 3036 324.
1172 2973 1273 3038 Schol.
1305 2976 1471 3057 μετοίκους
1504 2975 1565 3058 γάρ
1597 2975 1664 3040 εἶπε

438 3065 499 3146 (ἐπί
527 3065 641 3128 Bromi.
666 3065 705 3128 ad
729 3066 788 3148 Ag.
814 3065 875 3144 57.)
912 3070 977 3127 τῶν
1005 3064 1141 3147 ὑψηλῶν
1177 3063 1286 3128 τύπων
1321 3063 1395 3135 τοὺς
1432 3065 1569 3135 οἰωνοὺς
1600 3066 1668 3128 ἐκεῖ

378 3164 386 3176 ’
437 3155 528 3237 (λέγει
551 3155 604 3235 id.)
628 3192 684 3216 -.
1683 3221 1686 3229 ,

528 3264 600 3325 936.
624 3261 689 3327 ἀπὸ
711 3269 766 3346 τῆς
790 3263 933 3345 γλώσσης
956 3261 1056 3344 λέγω]
1090 3260 1135 3325 Of.
1159 3263 1272 3327 Aesch.
1296 3265 1355 3344 Ag.
1380 3263 1453 3325 813.
1483 3262 1572 3331 ύίκας
1603 3261 1663 3344 γάρ

438 3353 498 3415 οὐκ
531 3351 596 3414 ἀπὸ
629 3352 773 3435 γλώσσης
805 3352 876 3415 θεοὶ
896 3351 900 3434 Ι
921 3352 1067 3421 κλύοντες
1091 3356 1148 3414 ete.
1186 3352 1278 3415 1620.
1311 3349 1376 3413 ἀπὸ
1399 3351 1554 3434 φθογγῆς.
1589 3349 1663 3413 Eur.

440 3441 553 3504 Bacch.
580 3442 673 3505 1649.
696 3441 733 3504 τά
756 3444 782 3503 τ’
805 3442 842 3504 ἐκ
865 3441 978 3504 ποθῶν
1006 3440 1116 3524 σιγηλὰ
1145 3440 1198 3504 καὶ
1223 3440 1366 3523 γλώσσης
1389 3439 1454 3502 ἀπὸ
1475 3443 1479 3520 Ι
1500 3440 1662 3514 σώζοντες.

439 3530 569 3594 Hesiod.
594 3530 650 3614 Op.
669 3532 741 3593 322.
766 3530 831 3593 ἀπὸ
855 3531 999 3612 γλώσσης
1014 3530 1176 3613 ληίσσεται.
1199 3529 1334 3611 Theogu.
1355 3529 1406 3590 63.
1430 3529 1495 3592 ἀπὸ
1520 3530 1664 3612 γλώσσης

438 3619 528 3701 φίλος
551 3619 635 3683 εἶναι.
658 3619 842 3683 Τ11υσ.1111.
862 3622 910 3683 10.
935 3621 994 3683 ὅσα
1017 3645 1048 3684 τε
1071 3619 1136 3683 ἀπὸ
1160 3621 1305 3703 γλώσσης
1320 3621 1424 3702 εἴρητο
1440 3619 1545 3690 αὐτοῖς
1567 3617 1663 3682 εἶπον.

438 3708 555 3773 Herod.
579 3709 602 3772 l.
630 3710 701 3772 123.
734 3710 946 3792 ἐντειλάμενός
978 3711 1009 3773 οἱ
1041 3709 1105 3772 ἀπὸ
1129 3711 1282 3792 γλώσσης.
1316 3707 1397 3772 Xen.
1422 3707 1532 3792 Symp:
1552 3708 1609 3773 III.
1635 3711 1663 3770 5.

434 3798 550 3862 Ἰλιάδα
575 3799 651 3881 ὅλην
675 3836 717 3844 -
741 3797 806 3861 ἀπὸ
830 3799 985 3880 στόματος
1013 3800 1115 3863 εἰπεῖν.
1148 3799 1226 3862 Plat.
1249 3799 1374 3862 Theaei
1401 3800 1472 3861 143.
1505 3798 1571 3862 ἀπὸ
1593 3799 1662 3862 στά-

437 3912 545 3971 ματος.
579 3888 660 3951 Plut.
683 3887 789 3951 Theai.
815 3891 842 3950 5.
875 3888 1009 3952 ἑκάστου
1041 3893 1105 3952 τῶν
1136 3889 1274 3951 πολιτῶν
1305 3889 1445 3969 τούνομα
1475 3887 1576 3968 λέγων
1599 3886 1664 3950 άπὸ

439 3979 601 4058 στόματος.
635 3977 670 4041 Ο.
686 3977 722 4040 R.
748 3978 820 4039 528.
854 3978 888 4051 ἐξ
919 3977 1024 4059 ὀρθῆς
1055 3978 1180 4058 φρενός.
1218 3977 1331 4041 Aesoh.
1355 3976 1438 4059 sept.
1463 3977 1536 4039 873.
1570 3977 1664 4046 θάλος

439 4067 542 4137 οὐθεὶς
562 4066 566 4150 Ι
586 4067 632 4150 μῆ
667 4065 696 4129 ’κ
729 4066 847 4148 φρενὸς
878 4067 990 4148 ὀρθῶς
1017 4090 1058 4148 με
1085 4067 1236 4147 λιγαίνειν.
1271 4068 1344 4129 918.
1377 4065 1469 4129 Eum.
1494 4066 1566 4128 674.
1600 4065 1664 4129 ἀπὸ

439 4158 577 4238 γνώμης.
602 4155 676 4219 Eur.
701 4156 749 4220 Fr.
774 4158 852 4236 412,
869 4159 896 4218 3.
919 4154 1001 4219 τάπὸ
1024 4156 1157 4236 καρδίας
1180 4156 1251 4236 ἐρεῖ.
1275 4156 1370 4219 Arist.
1396 4155 1488 4239 Vesp.
1514 4155 1586 4218 656.
1610 4155 1663 4218 λύ-

439 4269 520 4327 γιοαι
544 4283 586 4291 -
610 4245 675 4308 άπὸ
698 4246 810 4328 χειρός.
837 4247 958 4307 Arrian.
982 4245 1085 4308 Anab.
1110 4245 1133 4308 I.
1158 4247 1209 4306 25.
1236 4247 1284 4307 13.

529 4355 602 4416 937.
626 4353 705 4435 ὁρᾷς
736 4353 775 4415 ἵν’
809 4355 893 4435 ἥκεις
917 4351 993 4434 -,·]
1028 4349 1073 4414 Cf.
1103 4351 1189 4415 O.R.
1215 4353 1287 4415 953.
1320 4352 1431 4414 σκόπει
1463 4351 1571 4415 κλύων
1596 4351 1600 4432 1
1627 4349 1663 4414 τά

439 4443 526 4525 σέμν’
543 4445 580 4506 ἵν’
597 4445 666 4525 ἥκει
688 4449 744 4504 τοῦ
761 4443 840 4505 θεοῦ
860 4442 1070 4523 μαντεύματα.
1095 4439 1170 4504 Eur.
1187 4441 1269 4506 Med.
1286 4443 1360 4504 407.
1385 4442 1462 4524 ὁρᾷς
1478 4443 1498 4504 ἃ
1517 4441 1664 4522 πάσχεις;

439 4534 535 4596 Arist.
560 4532 642 4596 Nub.
667 4532 740 4594 662.
1350 4541 1358 4568 ‘

530 4623 602 4684 938.
626 4621 671 4686 01.
695 4621 744 4686 Fr.
769 4623 840 4685 844.
864 4621 1008 4684 κλέπτων
1033 4620 1061 4684 θ’
1086 4622 1161 4684 ὅταν
1183 4645 1227 4691 τις
1251 4622 1404 4704 ἐμφανῶς
1427 4619 1596 4702 ἐφευρτθῇ.

530 4712 602 4777 939.
626 4711 691 4795 ἐγὼ
714 4710 796 4795 οὔτ’]
820 4709 864 4774 01.
889 4711 962 4773 998.
