3984 5850
812 712 937 759 ormrns
959 712 1022 756 arx
1465 693 1529 756 377

300 898 365 939 των
398 874 446 938 όσ’
479 873 558 937 ἐστὶν
590 873 719 937 ἀνθέων
751 874 858 957 θήκην
888 871 1017 956 πατρός.
1049 872 1146 936 Arist.
1170 870 1242 936 Pac.
1268 872 1340 935 599.
1373 871 1466 936 τδλλα
1495 872 1529 936 θ’

301 963 394 1028 όπόσ’
418 963 482 1028 ἐστλ
504 964 596 1046 φυτά.

393 1052 488 1116 1286.
511 1054 545 1116 ἐν
567 1053 623 1116 τίνι
646 1053 745 1138 σχολῇ
768 1053 889 1140 κακοῦ]
917 1052 1019 1118 Schol.
1048 1052 1115 1116 σῖον
1138 1052 1172 1116 ἐν
1194 1052 1271 1134 ποίᾳ
1295 1052 1445 1136 διατριβῇ.
1485 1051 1529 1116 01.

302 1142 377 1207 Eur.
400 1142 494 1208 Herc.
520 1144 593 1206 725.
617 1143 704 1225 δεῦρ’
727 1143 856 1216 ἕπεσθε,
879 1142 1069 1226 πρόσπολοι,
1091 1142 1096 1226 Ι
1115 1142 1162 1213 ὡς
1185 1143 1225 1205 ἂν
1241 1141 1358 1224 σχολὴν
1381 1141 1531 1224 λάβωμεν

302 1233 460 1315 Ιλύσωμεν
482 1233 567 1311 mss.)
591 1233 721 1314 ἄσμενοι
743 1233 862 1297 πόνων.

394 1340 488 1404 1287.
512 1337 555 1403 01.
579 1339 626 1403 ΕΙ.
653 1341 747 1403 1458.
777 1346 866 1422 σιγᾶν
893 1342 1004 1422 ἄνωγα
1033 1338 1273 1404 κάναδεικνύναι
1298 1336 1529 1424 (κάμπεταννύ-

303 1432 390 1508 ναιῖίΙ
421 1429 523 1499 πύλας
551 1429 662 1512 (τύχας
685 1434 740 1493 aut
764 1429 899 1512 δέμαςλ)
920 1430 925 1514 Ι
945 1436 1040 1494 πᾶσιν
1064 1428 1296 1512 Μυκηναίοισιν
1324 1428 1474 1510 Ἀργείοις
1496 1429 1530 1492 θ’

302 1519 390 1600 ὁρᾶν,
414 1518 478 1583 κτλ.
545 1519 626 1603 βοᾷ]
650 1517 740 1582 Cum
764 1519 929 1584 clamore
951 1518 1069 1602 jubet.
1109 1517 1155 1582 01.
1175 1517 1249 1582 Eur.
1266 1518 1365 1581 Andr.
1383 1519 1455 1581 298.
1480 1517 1531 1580 ὅτε

302 1633 349 1672 νιν
373 1645 415 1655 -
442 1608 541 1691 βόασε
573 1606 747 1691 Κασάνδρα
776 1616 906 1672 κτανεῖν.
935 1608 1054 1674 Phoen.
1081 1609 1174 1671 1154.
1201 1608 1266 1690 βοᾷ
1285 1607 1291 1692 Ι
1309 1611 1375 1689 πῦρ
1402 1607 1456 1670 καῖ
1485 1607 1530 1671 δι-

302 1698 414 1769 κέλλας
438 1698 484 1769 ὡς
499 1699 718 1779 κατασκάψων
733 1698 832 1762 πόλιν.
855 1698 931 1764 Her.
948 1700 1023 1762 495.
1039 1697 1116 1762 Hoc.
1134 1697 1206 1760 303.
1223 1694 1316 1760 Dion.
1332 1695 1374 1759 H.
1391 1695 1462 1759 VII.
1480 1696 1531 1759 62.

302 1788 453 1852 ἀπολύειν
475 1788 552 1872 ἐβόα
575 1788 631 1850 τόν
653 1787 763 1870 ἄνδρα.
789 1787 872 1852 Xon.
896 1787 998 1852 Anah.
1027 1787 1051 1852 I.
1076 1788 1104 1850 8.
1132 1787 1180 1848 12.
1203 1793 1249 1867 τῷ
1272 1785 1430 1868 Κλεάρχῳ
1453 1786 1531 1869 ἐβόα

302 1878 388 1959 ἄγειν
411 1878 447 1942 τό
463 1878 646 1959 στράτευμα.
669 1878 718 1940 19.
735 1878 840 1959 ἐβόων
857 1877 892 1942 δὲ
907 1877 1052 1959 ἀλλήλοις
1066 1875 1112 1960 μὴ
1129 1877 1198 1939 θεῖν
1215 1875 1337 1958 δρόμῳ.
1406 1875 1532 1958 διοίγειν

302 1966 448 2050 κλῇθρα]
482 1964 527 2029 01.
555 1967 647 2028 1294.
671 1967 799 2050 κλῇθρα
828 1965 888 2049 γὰρ
912 1967 1024 2029 πυλῶν
1046 1965 1120 2029 τάδε
1141 1965 1145 2045 Ι
1166 1964 1318 2046 διοίγεται.
1342 1962 1418 2029 Eur.
1435 1965 1532 2050 Hipp.

303 2057 377 2119 808.
409 2055 523 2139 χαλᾶτε
553 2056 695 2138 κλῇθρα,
733 2056 924 2139 πρόσπολοι,
953 2092 994 2101 -
1024 2055 1071 2126 ὡς
1107 2055 1167 2118 ἴδω
1204 2052 1322 2136 πικρόν
1357 2054 1436 2118 θίαν
1468 2054 1531 2117 κτλ.

304 2145 377 2208 Eur.
401 2143 498 2208 Herc.
522 2146 594 2208 332.
623 2147 718 2227 οἴγειν
750 2146 877 2229 κλῇθρα
910 2144 1105 2227 προσπόλοις
1131 2144 1224 2226 λέγω.
1315 2143 1452 2228 διοίγεινΙ
1483 2143 1532 2208 To

305 2251 401 2316 open
424 2233 528 2297 wide.
566 2233 694 2298 Scilicet
718 2235 795 2316 quia
819 2235 928 2298 διπλαῖ
947 2234 1076 2297 thalami
1099 2234 1195 2298 πύλαι
1219 2238 1308 2297 erant
1332 2233 1450 2312 (1261).
1486 2231 1530 2296 01.

310 2323 401 2385 1295.
426 2323 477 2404 Aj.
501 2323 573 2386 346.

397 2431 489 2493 1288.
512 2436 575 2501 τοῖς
598 2435 674 2494 πᾶσι
697 2432 756 2516 -Ι
781 2431 826 2496 01.
850 2432 932 2497 Phil.
957 2433 1008 2495 47.
1032 2430 1106 2500 τοὺς
1128 2431 1246 2501 πάντας
1265 2429 1432 2512 Ἀργείους.
1458 2431 1530 2494 375.

305 2520 363 2583 Av.
390 2519 483 2583 1275.
506 2525 637 2601 τιμῶσιν
660 2523 691 2585 ολ
711 2521 825 2594 πάντες
848 2522 910 2604 λεῴ
934 2524 999 2604 (σε).

396 2611 488 2672 1289.
513 2609 557 2673 01.
586 2609 661 2673 Eur.
689 2610 737 2673 El.
763 2611 835 2674 926.
869 2612 887 2674 ὁ
913 2618 968 2695 τῆς
1002 2610 1150 2692 γυναικὸς
1182 2613 1239 2690 (sc.
1263 2610 1368 2694 ἀνήρ).
1403 2607 1531 2673 Lucian.

304 2697 341 2761 D.
364 2697 402 2762 1).
425 2696 499 2761 XV.
523 2698 588 2780 ἐγὼ
612 2699 647 2762 δὲ
670 2701 732 2784 ἥδη
755 2701 831 2764 ποτὲ
854 2701 910 2782 τὴν
928 2699 1119 2783 Ἀφροδίτην
1137 2737 1176 2745 -
1193 2697 1260 2764 ἀλλ’
1276 2700 1315 2764 οιί
1338 2699 1399 2783 χρὴ
1417 2700 1532 2782 αὐχεῖν.

302 2788 429 2852 Theocr.
454 2788 477 2851 Ι.
503 2789 575 2853 105.
600 2789 639 2851 ού
662 2789 779 2871 λέγεται
802 2790 858 2853 τόν
881 2789 1007 2874 Κύπριν
1030 2790 1049 2854 ὁ
1071 2789 1220 2872 βωκόλος
1236 2813 1295 2865 —‚·
1319 2789 1413 2854 Arist.
1437 2789 1532 2873 Vosp.

307 2878 401 2942 1178.
425 2877 518 2942 etad
542 2879 602 2942 Av.
626 2881 699 2943 443.
1518 2877 1521 2882 ’

396 2985 488 3049 1290.
511 2986 560 3057 ὡς
583 2987 619 3050 ἐκ
642 2985 763 3070 χθονός
785 2989 893 3070 ῥίφων
917 2986 1041 3073 ἑαυτὸν]
1075 2988 1119 3053 01.
1147 2989 1240 3051 1436.
1273 2986 1370 3070 ῥῖηιόν
1401 3012 1442 3069 με
1475 2993 1532 3072 γῆς

304 3075 339 3137 ἐκ
362 3074 451 3157 τῆσδ’
474 3075 552 3139 όσσν
574 3076 710 3159 τάχιστα.
732 3077 780 3140 Tr.
798 3079 872 3141 269.
896 3079 1026 3162 ἔρριψεν
1048 3077 1138 3148 ἐκτός
1161 3076 1264 3141 αὑτόν.

397 3165 490 3227 1291.
515 3164 627 3248 δόμοις
650 3166 777 3249 ἀραῖος]
802 3167 845 3231 01.
868 3166 917 3231 Tr.
937 3168 1029 3231 1202.
1054 3165 1102 3230 Tr.
1122 3168 1194 3230 367.
1218 3166 1237 3229 ό
1260 3166 1403 3248 πρόσθεν
1426 3166 1533 3231 ἐλθὼν

304 3252 345 3334 ἦν
367 3253 479 3334 δραῖός
501 3278 556 3335 μοι
579 3255 680 3326 νέκυς.
704 3256 817 3321 Aeseh.
842 3257 901 3339 Ag.
922 3258 994 3319 236.
1018 3256 1167 3338 φθόγγον
1190 3255 1303 3337 ἀραῖον
1327 3257 1434 3327 οἴκοις.
1457 3254 1532 3319 Eur.

304 3342 371 3426 Iph.
394 3342 426 3406 T.
451 3344 523 3407 778.
547 3347 567 3427 ἢ
592 3350 658 3416 σοῖς
686 3345 781 3427 ἀραία
810 3347 955 3429 δώμασιν
979 3346 1158 3428 γενήσομαι.
1187 3344 1268 3408 Μεδ.
1294 3346 1367 3408 608.
1389 3344 1443 3409 καῖ
1467 3352 1534 3417 σοῖς

304 3431 399 3515 άραία
428 3432 456 3513 γ’
485 3432 559 3517 (leg.
584 3432 612 3515 y’
636 3434 762 3516 ἀραῖος)
796 3434 876 3499 οὖσα
904 3436 1051 3517 τυγχάνω
1081 3434 1200 3517 δόμοις.
1229 3432 1324 3518 Hipp.
1350 3436 1444 3497 1415.
1473 3434 1533 3498 εἴθ’

304 3520 345 3605 ἧν
367 3522 480 3605 ἀραῖον
504 3523 649 3604 δαίμοσιν
671 3525 798 3607 βροτῶν
815 3526 912 3607 γένος.
981 3525 1028 3594 ὡς
1045 3522 1203 3607 ἠράσατοΙ
1227 3522 1348 3607 Nempe
1365 3544 1393 3585 v.
1411 3524 1475 3587 238
1487 3545 1532 3607 sq.

395 3631 489 3693 1292.
513 3631 714 3714 προηγητοῦ]
737 3632 761 3695 1.
786 3652 815 3713 q.
841 3634 1013 3716 ύφηγητοῦ.

396 3720 490 3785 1293.
512 3721 623 3803 μεῖζον
647 3723 666 3803 ἢ
690 3721 809 3805 φέρειν]
834 3721 878 3785 01.
893 3722 942 3785 Tr.
962 3723 1055 3786 1018.
1079 3722 1213 3803 τούργον
1228 3721 1301 3785 τόδε
1323 3722 1432 3803 μεῖζον
1456 3721 1531 3804 ἀνή-

304 3833 351 3873 κει
372 3809 377 3892 Ι
397 3812 417 3891 ίΙ
441 3807 510 3872 κατ’
539 3809 619 3891 ἐμάν
642 3811 766 3892 ῥώμαν.
795 3810 833 3875 σὺ
858 3810 893 3876 δὲ
918 3811 1061 3893 σύλλαβε.
1090 3810 1164 3874 Eur.
1188 3810 1237 3875 rr.
1266 3812 1359 3891 1083,
1385 3811 1433 3873 10.
1459 3810 1532 3892 άρε-

304 3898 360 3980 τὴν
392 3898 527 3983 ἐχούσης
557 3900 720 3983 μείζονἸ
749 3900 836 3983 λόγῳ
863 3902 992 3983 φράσαι.
1026 3899 1117 3963 Pind.
1142 3898 1189 3962 01.
1216 3901 1266 3979 13,
1292 3900 1363 3964 109.
1392 3899 1533 3981 εὑρήσεις

304 3986 439 4068 μάσσον’
467 3991 487 4069 ἢ
515 3989 562 4058 ὡς
594 3988 708 4071 ἰδέμεν.
741 3988 816 4054 Eur.
839 3990 918 4055 Ηεσ.
946 3991 1038 4053 1089.
1071 3990 1227 4071 κρείσσον’
1255 3992 1275 4071 ἢ
1304 3989 1411 4071 φέρειν
1438 3988 1533 4053 κακά.

306 4074 413 4159 Suppl.
438 4080 511 4140 844.
543 4079 699 4160 κρείσσον’
722 4082 743 4162 ἢ
766 4080 851 4153 λέξαι
883 4080 970 4162 λόγῳ
991 4079 995 4162 Ι
1016 4079 1207 4163 τολμήμαθ’.
1243 4077 1391 4162 Bacchyl.
1408 4076 1456 4141 Fr.
1485 4079 1533 4142 11.

305 4165 414 4246 μεῖζον
437 4169 456 4248 ἢ
479 4168 607 4233 πενθεῖν
630 4169 782 4252 Ιφέρεινλ)
805 4170 906 4252 ἐφάνη
931 4168 1042 4233 κακόν.
1067 4167 1149 4232 Xen.
1174 4168 1267 4232 Mem.
1291 4166 1348 4231 III.
1372 4188 1401 4251 p.
1420 4168 1533 4232 7700.

304 4255 414 4335 μεῖζον
437 4258 456 4338 ἢ
480 4256 560 4321 ὥστε
584 4260 692 4341 φέρειν
715 4258 872 4322 δύνασθαι
895 4258 1007 4322 κακόν.
1036 4258 1154 4323 Herod.
1178 4257 1235 4322 ΙΙΙ.
1263 4258 1311 4319 14.
1334 4258 1424 4339 μέζω
1448 4256 1533 4321 κακὰ

305 4345 326 4425 ἢ
349 4342 430 4407 ὥστε
452 4344 638 4412 ἀνακλαίειν.
705 4347 906 4432 προηγητοῦ]
931 4347 976 4411 01.
1002 4348 1076 4411 Ant.
1103 4347 1175 4411 990.
1198 4352 1262 4417 τοῖς
1285 4346 1426 4428 τυφλοῖσι
1450 4345 1531 4428 γάρΙ

304 4433 382 4517 αὕτη
406 4433 560 4506 κέλευθος
583 4436 619 4498 ἐκ
642 4444 826 4520 προηγητοῦ
849 4438 941 4502 πόλει.
965 4435 1040 4500 Eur.
1065 4436 1178 4501 Bacch.
1206 4436 1299 4498 1159.

395 4542 489 4605 1294.
515 4542 605 4617 δείξει
629 4542 664 4607 δὲ
687 4543 740 4606 καλ
763 4543 828 4628 σοίΙ
858 4544 904 4607 01.
926 4544 977 4627 Aj.
1003 4544 1053 4607 66.
1084 4543 1178 4616 δείξω
1208 4542 1242 4605 δέ
1270 4541 1324 4606 καὶ
1347 4540 1397 4607 σοί
1420 4542 1467 4623 (δέ
1488 4544 1538 4607 τοί

304 4632 391 4706 amr)
414 4631 508 4713 τήνδε
530 4638 692 4715 περιφανῆ
714 4632 818 4696 νόσον.
841 4634 917 4697 Eur.
937 4634 1036 4696 Andr.
1056 4633 1127 4697 707.
1153 4631 1247 4705 δείξω
1272 4632 1300 4696 δ’
1325 4632 1389 4714 ἐγώ
1413 4654 1462 4695 σοι
1479 4668 1534 4694 -.

302 4721 400 4784 Arist.
416 4720 502 4785 Εοολ.
520 4724 592 4785 933.
618 4722 710 4796 δείξει
733 4746 767 4804 γε
790 4722 844 4787 καί
867 4724 913 4804 (γέ
935 4724 984 4785 τοί
1001 4722 1082 4801 σοιΡΙ
1106 4721 1168 4785 σοί·
1192 4721 1272 4804 τάχα
1296 4720 1356 4804 γὰρ
1373 4726 1431 4785 ete.
1455 4720 1534 4785 Plat.

303 4808 399 4895 Hipp.
425 4812 495 4894 maj.
521 4812 594 4875 288.
618 4812 695 4877 αύτό
721 4811 819 4887 δείξει.
887 4811 1015 4898 κλῇθρα
1041 4848 1080 4857 -
1106 4806 1266 4897 διοίγεταιΙ
1291 4810 1335 4875 01.
1363 4811 1456 4875 1287.
