3984 5850
744 723 871 771 mmmm
894 724 1046 773 commus
1445 705 1506 772 177
1584 712 1588 719 “

283 884 427 968 έπλάθην
442 884 632 967 Στρυμόνος
647 884 840 967 φυταλμίοις.
864 883 903 946 V.
919 884 1035 947 Blomf.
1060 884 1108 949 01.
1128 884 1187 967 Ag.
1206 885 1277 949 318.
1317 882 1419 949 Schol.
1444 884 1508 947 δπδ

280 976 412 1057 φύτλης,
445 975 510 1037 ἀπὸ
534 976 699 1056 γενέσεως,
731 975 785 1037 καί
808 974 842 1048 ίξ
864 975 965 1058 ἀρχῆς
991 974 1110 1059 τυφλὸς
1132 976 1286 1057 πέφυκας.
1356 973 1508 1058 δυσαίων]

282 1064 327 1127 cf.
352 1064 465 1128 Aesch.
489 1063 572 1143 Sept.
598 1065 670 1127 928.
698 1062 774 1127 Ευτ.
797 1062 904 1147 Suppl.
929 1065 1002 1127 960.
1029 1062 1100 1128 Hel.
1124 1066 1198 1127 213.
1237 1062 1439 1127 Contrarium
1462 1070 1511 1127 est

280 1176 404 1216 ευαιων.

372 1243 444 1305 150.
467 1240 651 1326 μακραίων]
675 1239 719 1305 cf.
743 1240 779 1305 0.
794 1241 831 1305 B.
851 1243 924 1304 518.
947 1242 1020 1325 βίου
1037 1246 1151 1305 -τοῦ
1173 1242 1389 1325 μακραίωνος.
1415 1242 1509 1305 1099.

281 1332 331 1413 Aj.
357 1333 430 1394 194.
454 1336 530 1395 Am
555 1333 627 1395 987.
696 1330 745 1394 δυ’
769 1330 945 1414 ἐπεικάσαι]
970 1330 1017 1395 cf.
1036 1331 1085 1393 16.
1100 1330 1149 1393 Tr.
1168 1333 1239 1395 141.
1264 1331 1310 1401 ὡς
1334 1330 1509 1395 ἀπεικάσαι.

283 1422 378 1483 1220.
417 1420 463 1484 Ut
485 1421 533 1490 ὡς
555 1422 659 1485 εἰπεῖν.
699 1418 742 1482 01.
766 1419 884 1484 Herod.
906 1420 932 1483 Ι.
956 1422 1008 1482 34.
1036 1420 1083 1491 ὡς
1110 1421 1240 1483 εἰκάσαι.
1263 1420 1304 1485 11.
1329 1422 1380 1483 25.
1405 1420 1451 1491 ὡς
1475 1420 1510 1483 δὲ

281 1511 315 1573 ἒν
336 1510 445 1573 πλέονι
472 1510 560 1593 λόγῳ
589 1509 745 1592 δηλῶσαι,
777 1506 844 1572 ὧδε
866 1510 937 1591 ἔχει.
970 1508 1028 1573 IX.
1054 1511 1104 1572 32.
1137 1509 1183 1580 ὡς
1212 1508 1247 1573 δέ
1274 1509 1436 1573 ἐπεικάσαι
1459 1510 1509 1589 (al.

281 1600 475 1678 ἀπεικάσαι),
504 1600 536 1670 ές
563 1600 654 1663 πέντε
681 1599 841 1680 μυριάδας
867 1598 1052 1683 συλλεγῆναι
1080 1598 1206 1672 εἰκάζω.
1238 1597 1314 1661 Eur.
1338 1596 1390 1661 Or.
1416 1600 1510 1661 1298.

276 1688 405 1771 Ἑλένης
427 1688 463 1751 τδ
486 1687 614 1770 κώκυμ’
638 1688 726 1761 ἐστὶν,
750 1688 796 1758 ὡς
819 1688 989 1751 ἐπεικάσαι.
1023 1688 1135 1752 Aesch.
1160 1687 1236 1751 Cho.
1262 1688 1334 1751 976.
1367 1687 1452 1770 φίλοι
1475 1687 1511 1751 δὲ

279 1779 333 1841 καὶ
359 1784 427 1849 νῦν,
455 1776 503 1847 ὡς
530 1778 691 1840 ἐπεικάσαι
722 1778 813 1859 πάθη
843 1778 991 1857 (πάθειῗ).
1024 1776 1099 1840 Eur.
1123 1777 1191 1841 Alc.
1216 1778 1289 1839 801.
1317 1776 1364 1847 ὥς
1387 1776 1416 1859 γ’
1440 1776 1511 1858 έμολ

279 1867 421 1950 χρῆσθαι
443 1872 543 1949 κριτῇ.
565 1866 660 1931 Thuc.
688 1864 739 1929 VI.
764 1868 814 1928 25.
839 1867 898 1929 ὅσα
921 1867 984 1949 ἤδη
1010 1866 1115 1929 δοκεῖν
1138 1866 1233 1948 αὐτῷ.

373 1957 445 2017 151.
468 1956 503 2019 έν
527 1955 555 2037 γ’
579 1954 666 2039 ἐμοί]
699 1954 865 2031 Quntum
892 1974 958 2039 per
984 1976 1041 2019 me
1069 1956 1168 2018 licet.
1206 1954 1288 2017 Jebb
1312 1955 1420 2035 vertit,
1443 1954 1512 2018 ifI

279 2064 349 2108 can
372 2044 460 2127 help
482 2044 520 2107 it.
560 2042 605 2107 01.
631 2045 724 2106 1214.
750 2045 785 2107 Ο.
801 2043 837 2106 R.
856 2045 928 2108 677.
952 2044 1027 2107 Eur.
1043 2044 1118 2107 Her.
1139 2044 1208 2107 769.
1234 2043 1336 2107 (11.1.
1360 2042 1426 2107 ἀλλ’
1450 2044 1510 2108 οὐκ

279 2136 319 2196 δν
342 2134 423 2215 ἐγὼ,
456 2133 561 2215 φηαλν,
594 2134 744 2203 αίτιατέος
767 2134 875 2212 (σίτίας
897 2134 1024 2212 §urbem
1057 2135 1131 2217 εἴην,
1159 2133 1206 2203 ὡς
1231 2132 1277 2215 μὴ
1302 2133 1511 2216 προμηνύσας

279 2246 330 2286 σοι
352 2223 400 2305 μὴ
424 2223 574 2285 εἰσελθεῖν
596 2224 639 2292 εἰς
660 2222 733 2286 τόδε
755 2222 790 2286 τὸ
814 2223 907 2305 λερόν.

374 2313 445 2374 153.
469 2310 536 2374 ἄλλ’
565 2312 604 2375 οὐ
635 2311 701 2395 μάν
733 2313 767 2375 ἔν
800 2311 828 2393 γ’
856 2312 939 2397 ἐμοὶ]
973 2311 1019 2375 01.
1042 2312 1090 2375 El.
1115 2312 1189 2374 817.
1227 2311 1293 2374 ἀλλ’
1326 2312 1365 2374 00
1392 2336 1419 2375 τι
1446 2311 1512 2395 μὴν

279 2403 384 2482 ἔγωγε
408 2438 462 2463 -.
487 2400 523 2465 Ο.
540 2400 573 2465 0.
598 2402 649 2464 28.
673 2401 739 2464 ἀλλ’
762 2402 825 2464 ἔστι
846 2402 913 2483 μὴν
935 2401 1070 2483 οίκητός.
1095 2399 1131 2464 0.
1149 2401 1183 2464 R.
1201 2402 1274 2463 810.
1299 2401 1338 2464 οὗ
1352 2400 1419 2484 μὴν
1442 2404 1512 2485 ἴσην

279 2490 308 2572 γ’
332 2492 438 2553 ἔτισεν.
1115 2490 1118 2497 ’

374 2582 446 2642 154.
469 2580 646 2662 προσθήσει
669 2580 756 2643 τάσδ’
780 2578 876 2663 ἀράς]
905 2579 950 2644 Of.
974 2576 1010 2641 0.
1027 2579 1062 2643 R.
1080 2581 1154 2642 820.
1181 2578 1234 2642 κα1
1257 2579 1326 2642 τάδ’
1350 2580 1433 2652 οὔτις
1456 2581 1509 2643 ὄλ-

279 2670 336 2739 λσς
360 2667 401 2751 ἦν
420 2668 426 2751 Ι
445 2671 465 2751 ἢ
484 2669 542 2750 ’γὼ
567 2668 608 2731 ’π’
624 2668 758 2751 (’γωγ’7)
782 2670 910 2751 ἐμαυτῷ
934 2668 1024 2731 τάσδ’
1048 2668 1128 2751 ἀρὰς
1151 2668 1372 2751 δπρσστιθείς.
1398 2670 1510 2733 Aesch.

280 2758 369 2822 Pom.
387 2759 460 2820 531.
482 2759 609 2841 μῆκαί
627 2782 654 2821 τι
677 2757 759 2841 πρὸς
781 2765 906 2821 κακοῖσι
925 2758 1106 2841 προσθῆται
1121 2758 1231 2821 κακόν.
1256 2760 1315 2841 Ag.
1327 2760 1399 2821 395.
1423 2760 1511 2822 πόλει

278 2846 474 2930 πρόστριμμ’
497 2848 635 2930 ἄφερτον
658 2848 768 2917 ἐνθείς.
795 2847 870 2909 Eur.
894 2846 970 2909 Her.
997 2849 1068 2910 147,
1097 2847 1159 2911 ἴδια
1187 2848 1389 2929 προσθέσθαι
1416 2849 1510 2911 κακά.

278 2938 350 3001 Tro.
378 2939 471 3000 1043.
502 2938 560 3021 τὴν
591 2938 686 3001 νόσον
713 2938 866 3020 προσθεὶς
889 2938 967 3019 έμοί.
1001 2937 1094 3022 Hipp.
1121 2939 1193 3000 951.
1226 2939 1328 3001 θεοῖσι
1359 2938 1512 3021 προσθεὶς

279 3027 428 3109 ἀνομίαν.

376 3117 447 3178 155.
470 3123 571 3199 περᾷς
603 3116 664 3198 γάρ
687 3116 748 3200 -]
786 3115 834 3178 80.
866 3115 940 3185 τοὺς
972 3116 1078 3198 ὅρους.
1123 3115 1168 3179 cf.
1193 3117 1266 3179 885.
1298 3116 1412 3198 μόλετ’,
1445 3117 1511 3180 έπελ

280 3206 385 3287 πέραν
417 3207 551 3288 (πέρσΡ)
582 3205 702 3288 περῶσ’
735 3206 800 3269 οἵδε
834 3205 884 3287 δῆ.
928 3206 1030 3268 801101.
1067 3206 1205 3288 βαδίζεις
1242 3205 1302 3286 γὰρ
1339 3208 1382 3274 είς
1419 3207 1438 3268 ὃ
1472 3207 1510 3269 οὐ

279 3295 437 3376 προσῆκει
458 3295 580 3376 χωρίον
602 3295 779 3377 ἐπιβαίνειν.
847 3295 1023 3376 άφθέγκτῳ
1039 3294 1098 3377 -]
1123 3295 1167 3358 01.
1191 3296 1304 3358 Aesch.
1329 3293 1419 3358 Eum.
1438 3295 1511 3358 236.

281 3383 469 3466 ἀφθέγκτου
492 3390 681 3467 μηνυτῆρος.

376 3472 447 3534 157,
470 3472 651 3557 πρσπὲσης]
683 3473 961 3556 ProgrediariS.
1004 3471 1048 3535 01.
1076 3473 1168 3536 1219.
1198 3473 1273 3536 ὅταν
1295 3496 1339 3541 τις
1363 3473 1395 3541 ἒς
1417 3473 1513 3536 πλέον

280 3563 363 3644 πέσῃ
387 3567 443 3625 τοῦ
465 3563 615 3632 θέλοντος
638 3563 776 3640 (δέοντος
799 3568 855 3626 aut
875 3563 1090 3644 μεσοῦντοςλ).

376 3652 448 3713 158.
471 3651 573 3714 801101.
596 3653 763 3734 κάθυδρας
786 3649 838 3715 οδε
864 3652 947 3715 ὅπου
970 3651 1086 3721 ὕδατος
1108 3652 1238 3734 πλήρης.

376 3740 447 3802 159.
472 3740 574 3804 Sehol.
602 3740 762 3823 μειλιχέων
789 3746 907 3823 ποτῴν.
941 3741 1084 3822 γλυκέων
1111 3747 1228 3813 ποτῶν,
1256 3741 1276 3802 ὅ
1298 3741 1359 3804 ἐστι
1381 3740 1513 3822 μέλιτος,

282 3829 332 3900 οἷς
353 3829 546 3911 μειλίσσουσι
568 3829 622 3899 τὰς
645 3830 732 3900 θεάς.
756 3835 957 3912 συγκιρνᾶται
981 3829 1042 3912 γὰρ
1065 3831 1190 3900 ταύταις
1204 3835 1269 3901 ταῖς
1285 3829 1374 3899 θεαῖς
1397 3829 1512 3899 ὕδατος

281 3917 338 3982 καὶ
359 3919 483 4000 μέλιτος
506 3921 636 4002 κρατήρ,

375 4008 447 4070 160.
471 4007 645 4092 συντρέχει]
679 4009 702 4072 Ι.
727 4028 752 4071 e.
777 4009 1045 4073 commiscetur
1068 4027 1158 4073 eum.
1198 4006 1314 4071 0110
1339 4010 1412 4071 880.
1436 4007 1511 4080 εἰπὲ,

282 4103 330 4179 τῷ
351 4097 448 4179 μόρῳ
471 4135 514 4145 -
538 4099 703 4181 ξυντρέχει.
733 4097 820 4180 Virg.
845 4099 880 4162 G.
904 4097 962 4163 111,
987 4099 1061 4170 330.
1085 4101 1277 4161 ‘currentem
1302 4097 1440 4161 undam!

376 4187 448 4248 161.
471 4183 533 4272 τῷ]
556 4187 655 4250 Ideo.
693 4187 856 4270 Frequens
879 4187 962 4270 apud
982 4187 1173 4269 Homerum,
1196 4187 1230 4251 ll.
1248 4189 1277 4266 2,
1294 4189 1367 4250 250.
1393 4189 1421 4270 3,
1438 4188 1511 4251 258.

286 4275 434 4356 14,126.
470 4279 525 4356 19,
548 4277 621 4340 300.
654 4275 713 4340 od.
737 4279 770 4358 3,
795 4279 844 4339 28.
881 4278 935 4358 17,
960 4279 1033 4340 569.
1067 4280 1123 4358 22,
1149 4277 1199 4340 30.
1248 4277 1310 4339 Sed
1344 4277 1512 4358 legendum

284 4365 412 4428 videtur
433 4364 482 4438 τδ,
511 4372 548 4429 01
573 4367 608 4428 in
631 4366 667 4429 11.
692 4369 721 4446 3,
747 4368 818 4429 176.
845 4365 880 4429 τὸ
908 4367 963 4429 καλ
985 4366 1137 4430 κλαίουσα
1166 4366 1286 4448 τέτηκα,
1326 4365 1368 4428 Of.
1393 4365 1432 4428 ad
1456 4365 1512 4428 Ph.

286 4455 358 4516 142.
381 4453 430 4516 Tr.
457 4455 528 4516 137.

377 4545 449 4606 164.
471 4543 573 4606 πολλὰ
596 4545 749 4613 κέλευθος
772 4545 908 4629 έρατύει]
937 4545 1040 4608 801101.
1069 4543 1137 4608 ολον
1164 4543 1263 4626 πολλῆ
1288 4545 1369 4606 ἐστιν
1392 4542 1468 4613 ὁδὸς
1491 4543 1511 4625 ἡ

222 4707 231 4722 .
285 4631 521 4714 διαχωρίζουσά
544 4657 578 4696 σε
601 4635 704 4715 ἡμῶν.
737 4633 786 4696 θεῖ
815 4634 876 4715 γὰρ
907 4640 991 4697 νοεῖν
1019 4634 1065 4705 ὡς
1093 4636 1135 4696 ἔτι
1157 4633 1332 4713 πόρρωθεν
1354 4655 1511 4713 προσφω-

284 4727 393 4784 νοῦσιν
415 4721 511 4784 αὐτὸν
542 4722 588 4804 μὴ
622 4723 800 4804 δυνάμενον
832 4723 975 4806 ἐπιβῆναι
1003 4731 1049 4805 τῷ
1071 4723 1161 4804 τόπῳ
1184 4724 1256 4800 (τοῦ
1279 4721 1429 4802 τόπουῗ),
1458 4721 1512 4786 καὶ

283 4816 380 4873 ταῦτα
408 4811 561 4878 εἰπόντων
592 4811 672 4874 κατὰ
703 4811 862 4895 μικρόνὸ
890 4811 1042 4882 Οἰδίπους
1073 4811 1280 4893 προσέρχεται
1312 4810 1366 4874 καλ
1397 4812 1513 4874 ἵσταται

1258 4918 1299 4983 12
