3984 5850
444 679 508 742 276
953 695 1079 742 nunnus
1102 695 1164 741 eux

443 862 474 922 et
497 857 573 921 alibi
597 874 662 921 nun
684 875 764 920 rare.
802 855 851 921 De
875 857 982 921 uenisti
1008 856 1146 939 optativo
1170 856 1207 918 ef.
1229 854 1279 918 Tr.
1297 854 1369 918 903.
1393 852 1536 935 κρόψασ’
1559 852 1680 936 ἑαυτὴν

443 948 522 1012 ἔνθα
545 947 590 1030 μή
615 971 658 1017 τις
682 947 797 1010 εἰσίδοι.
821 945 949 1010 Theour.
974 943 1082 1008 XXV.
1105 946 1179 1008 228.
1209 944 1397 1026 δεδεγμένος
1420 942 1543 1006 ὁππόθ’
1566 944 1678 1006 ῖκοιτο.

534 1037 584 1098 73.
609 1034 652 1100 01.
678 1037 751 1100 963.
774 1035 823 1098 Tr.
850 1036 921 1099 173.
946 1035 1001 1098 καί
1023 1035 1124 1098 τῶνδε
1146 1034 1312 1116 ναμέρτεια
1336 1033 1500 1116 συμβαίνει
1522 1031 1644 1114 χρόνου
1672 1030 1675 1116 ]

442 1131 498 1190 τοῦ
527 1131 584 1189 νῦν
612 1125 784 1205 παρόντος,
817 1123 864 1194 ὡς
890 1123 1074 1206 τελεσθῆναι
1096 1124 1209 1205 χρεών.
1242 1122 1317 1185 Eur.
1342 1121 1394 1186 Or.
1420 1123 1514 1185 1213.
1546 1122 1600 1183 καὶ
1633 1121 1676 1202 δὴ

443 1216 540 1286 πέλας
563 1238 610 1278 νιν
644 1214 805 1296 δωμάτων
836 1212 913 1277 εῖναι
937 1213 1040 1277 δοκῶ·
1061 1215 1066 1296 ]
1085 1219 1141 1276 τοῦ
1174 1212 1235 1294 γὰρ
1262 1212 1382 1294 χρόνου
1410 1210 1445 1274 τὸ
1468 1217 1574 1293 μῆκος
1596 1210 1677 1272 αὐτὸ

445 1304 610 1386 συντρέχει.
633 1303 701 1367 1011.
727 1305 801 1366 547.
824 1301 887 1385 ἆρα
912 1302 978 1385 δῆτ’
1003 1303 1070 1366 ἐκεῖ
1088 1301 1124 1383 μ’
1147 1303 1284 1384 ἔφυσας,·
1313 1299 1414 1366 ΞΟΥ.
1437 1308 1484 1382 τῷ
1506 1299 1615 1382 χρόνῳ
1640 1318 1678 1380 γε

444 1394 610 1476 συντρέχει.
633 1391 750 1456 Herod.
774 1392 798 1456 Ι.
827 1393 896 1454 116.
930 1392 1003 1455 ὅτε
1030 1391 1147 1473 χρόνος
1173 1398 1228 1474 τῆς
1255 1391 1401 1460 ἐκθέσιος
1426 1395 1464 1473 τῇ
1492 1389 1593 1470 ῆλικίη
1617 1395 1676 1451 τοῦ

446 1483 560 1554 παιδὸς
584 1482 693 1546 έδόνιεε
716 1482 906 1564 συμβαίνειν.
939 1479 994 1543 IV.
1021 1482 1092 1544 158.
1125 1480 1178 1543 καλ
1201 1480 1255 1543 τὸν
1277 1479 1441 1544 κάλλιπον
1466 1483 1532 1542 τῶν
1554 1479 1678 1560 χώρων

446 1611 487 1620 -
512 1572 807 1655 συμμετρησάμενοι
831 1571 886 1652 τὴν
909 1570 1000 1652 ὥρην
1021 1576 1076 1652 τῆς
1098 1571 1233 1652 ἡμέρης,
1257 1569 1370 1640 νυκτὸς
1392 1574 1547 1650 παρῆγον.
1571 1565 1676 1630 Schel.

447 1681 508 1726 ree.
531 1662 587 1724 καί
607 1685 647 1743 με
671 1661 733 1743 ἤδη
758 1659 822 1723 ἀπὸ
850 1665 905 1723 τοῦ
929 1665 985 1722 νῦν
1009 1660 1113 1740 ῆμέρσ
1137 1659 1402 1741 συνεξεταζομὲνη
1430 1664 1476 1739 τῴ
1498 1657 1677 1739 καθήκοντι

444 1752 553 1834 χρόνῳ
585 1751 688 1822 λυπεῖ,
721 1749 902 1830 ἀποροῦντα
937 1748 1080 1831 δηλονότι
1112 1748 1180 1811 ὅτι
1207 1748 1340 1830 πράττει.
1379 1747 1425 1809 el.
1449 1746 1485 1809 Β.
1517 1745 1606 1829 ἦμαρ
1638 1746 1677 1808 τὸ

446 1839 576 1910 ένεστός.

535 1931 586 1992 74.
609 1928 702 1992 λυπεῖ
721 1928 749 1990 τί
769 1925 917 2010 πράσσει]
946 1927 1117 1992 Reuders
1145 1945 1201 1989 me
1228 1945 1373 2007 uneusy
1402 1945 1442 1989 us
1465 1931 1501 1988 tu
1525 1924 1606 1986 how
1629 1923 1677 1988 he

444 2021 478 2084 is
502 2018 638 2101 furing.
707 2022 762 2080 τοῦ
791 2017 851 2098 γὰρ
875 2016 995 2086 εἰκότος
1017 2017 1100 2098 πέρα
1124 2011 1183 2102 -]
1214 2014 1260 2078 01.
1285 2014 1319 2079 Ο.
1337 2013 1368 2076 O.
1395 2016 1489 2077 1212.
1513 2013 1595 2084 ὅστις
1617 2019 1676 2077 τοῦ

445 2109 578 2178 πλέονος
600 2108 721 2188 μέρους
743 2107 852 2188 χρῄζει
874 2110 931 2170 τοῦ
953 2107 1081 2187 μετρίου
1104 2107 1187 2186 πέρα
1211 2102 1335 2189 (παρεὶς
1352 2104 1450 2186 vulg.)
1474 2104 1575 2176 ζώειν.
1603 2105 1675 2165 155.

445 2199 495 2279 Aj.
522 2198 594 2260 794.
623 2196 704 2260 ὥστε
726 2194 762 2277 μ’
785 2195 908 2259 ὠδίνειν
931 2196 960 2257 τί
980 2197 1052 2277 φῆς.
1081 2193 1155 2257 Eur.
1178 2194 1256 2258 Heu.
1283 2195 1354 2257 185.
1381 2193 1533 2274 δειμαίνω
1555 2193 1585 2255 τί
1604 2195 1676 2254 ποτ’

446 2287 629 2356 ἀναστένεις.
664 2285 759 2348 Arist
783 2285 862 2348 Aah.
888 2286 961 2348 361.
993 2284 1078 2346 πάνυ
1102 2283 1162 2365 γὰρ
1191 2284 1248 2366 έμέ
1270 2306 1304 2364 γε
1327 2282 1432 2351 πόθος
1455 2282 1476 2344 ὅ
1496 2305 1524 2343 τι
1546 2287 1677 2363 φρονεῖς

446 2377 517 2458 ἔχει.
542 2375 588 2440 Pl.
613 2375 686 2438 679.
718 2374 869 2456 περιῆλθε
900 2373 974 2443 τοὺς
1001 2372 1137 2456 βωμοὺς
1163 2373 1303 2441 ἅπαντας
1331 2372 1364 2435 έν
1386 2371 1510 2452 κύκλῳ,
1532 2371 1537 2453 t
1557 2373 1589 2433 εἴ
1610 2395 1675 2433 που

447 2466 594 2528 πόπανον
617 2466 663 2546 εἴη
687 2487 713 2526 τι
736 2463 1025 2545 καταλελειμμένον.
1059 2461 1142 2525 Nub.
1169 2463 1262 2525 1392.
1295 2459 1385 2543 οίμαί
1409 2485 1444 2542 γε
1471 2465 1535 2523 τῶν
1562 2461 1675 2523 νεωτέ-

446 2577 515 2637 ρων
537 2553 591 2624 τὰς
613 2553 747 2634 καρδίας
769 2553 876 2634 πηδᾶν
898 2552 919 2615 ὅ
939 2576 966 2614 τι
988 2550 1075 2625 λέξει.

538 2645 588 2706 75.
613 2641 658 2705 01.
683 2643 756 2705 963.
780 2641 827 2704 Tr.
855 2643 925 2705 173.

539 2731 588 2793 77.
611 2731 656 2814 μὴ
683 2731 781 2812 δρῶν]
806 2729 844 2793 81
868 2750 941 2794 nen
964 2731 1136 2794 fenerem.
1176 2729 1220 2794 01
1247 2730 1296 2792 13.

539 2821 587 2884 78.
611 2821 644 2890 ἐς
666 2819 776 2903 καλόν]
801 2818 1034 2903 Opportune,
1059 2818 1258 2882 commode.
1292 2817 1338 2881 01.
1355 2816 1551 2900 PlutSymp.
1565 2816 1675 2880 17411.

449 2911 481 2982 ἔς
504 2909 602 2974 καλὸν
618 2911 712 2993 ἥκεις.
736 2909 811 2973 Eur.
827 2909 922 2974 Here.
940 2910 1014 2973 728.
1038 2909 1069 2980 ές
1092 2908 1191 2972 καλὸν
1211 2908 1215 2991 ]
1236 2909 1352 2990 στείχει.
1376 2905 1423 2971 ΕΙ.
1441 2909 1515 2971 384.
1538 2913 1595 2970 νῦν
1614 2907 1676 2989 γὰρ

450 3004 484 3064 ἐν
500 3000 590 3081 καλῷ
608 3005 745 3083 φρονεῖν.
769 2998 852 3062 Xen.
870 2998 972 3062 Anub.
995 2998 1051 3062 IV.
1070 2999 1097 3061 7.
1115 3001 1143 3061 3.
1167 3000 1210 3068 είς
1233 2998 1332 3060 καλὸν
1354 2999 1449 3080 ἥκεις.
1487 2996 1533 3061 Id.
1549 2996 1676 3080 alieubi,

448 3091 491 3159 εἰς
514 3089 613 3153 καλὸν
634 3090 709 3171 ὑμῖν
732 3090 951 3171 συντετύχηκα.
990 3089 1043 3153 Sic
1066 3089 1098 3158 ές
1122 3088 1204 3161 δέον,
1228 3090 1261 3157 ἐς
1283 3087 1404 3168 καιρόν.

538 3179 588 3242 80.
613 3180 641 3241 εἰ
667 3178 727 3260 γὰρ
755 3178 789 3241 έν
815 3179 892 3261 τύχῃ
918 3179 953 3259 γέ
973 3176 1036 3262 τῳ]
1070 3177 1114 3242 01.
1139 3176 1186 3240 ΕΙ.
1212 3177 1307 3239 1416.
1339 3178 1368 3239 εί
1393 3175 1453 3258 γὰρ
1477 3175 1624 3258 Αἰγίσθῳ
1647 3174 1676 3258 γ’

450 3268 542 3350 ὁμοῦ.
568 3266 603 3331 Ο.
619 3266 652 3331 O.
678 3268 750 3330 500.
774 3269 888 3331 Aeseh.
918 3266 1001 3351 Sept
1030 3269 1103 3329 472.
1141 3264 1296 3348 πέμποιμ’
1329 3268 1368 3328 ἂν
1399 3266 1462 3348 ἤδη
1491 3266 1590 3338 τόνδε,
1618 3264 1677 3329 σὺν

448 3358 526 3440 τύχη
551 3357 587 3420 δέ
609 3380 662 3439 τῳ.
696 3356 771 3421 0110.
798 3358 869 3419 137.
904 3357 1007 3420 έλθεῖν
1040 3356 1068 3419 δ’
1088 3354 1241 3438 Ὀρέστην
1270 3356 1366 3437 δεῦρο
1394 3354 1452 3418 σὺν
1479 3356 1557 3437 τύχη
1589 3354 1645 3417 τινί
1671 3352 1674 3436 ]

449 3447 646 3529 κατεύχομαί
667 3470 724 3510 σοι.
792 3446 869 3529 τύχη
888 3483 928 3491 -
947 3444 1081 3529 σωτῆρι]
1106 3445 1153 3509 01.
1178 3444 1257 3508 ΡΙ111
1283 3446 1377 3507 1471.
1403 3445 1514 3507 Aesch.
1531 3447 1591 3526 Ag.
1602 3444 1676 3505 673.

448 3537 526 3619 τύχη
553 3535 587 3599 δὲ
610 3536 716 3617 σωτὴρ
739 3541 817 3599 ναῦν
840 3534 979 3599 στελοῦσ’
1004 3535 1139 3617 ἐφέζετο.
1169 3534 1251 3618 Sept.
1269 3534 1341 3596 210.
1365 3534 1596 3615 εὐπραξίας-
1611 3556 1676 3596 σω-

449 3633 552 3708 τῆρος.
576 3624 650 3687 Eur.
674 3624 755 3688 Med.
778 3624 849 3686 361.
874 3624 978 3707 χθόνα
1003 3630 1132 3706 σωτῆρα
1155 3627 1276 3686 κακῶν.
1300 3622 1346 3686 ΕΙ.
1364 3624 1436 3685 993.
1459 3623 1550 3705 τιμὰς
1573 3628 1676 3705 σωτῆ-

450 3738 516 3797 ρας.
586 3714 718 3796 ἐντύχῃ
745 3750 786 3759 -
809 3714 899 3798 βαίη]
924 3713 970 3777 01.
996 3714 1035 3776 ad
1058 3713 1106 3776 ΕΙ.
1132 3713 1227 3776 1056.

539 3804 590 3866 81.
614 3802 760 3885 λαμπρός
783 3840 825 3848 -
850 3801 984 3886 ὄμματι]
1019 3801 1062 3865 01.
1089 3803 1137 3866 Tr.
1169 3803 1241 3865 379.
1274 3801 1293 3884 ῆ
1327 3802 1428 3883 κάρτα
1460 3800 1591 3883 λαμπρὰ
1623 3800 1678 3864 καὶ

450 3893 518 3957 κατ’
551 3894 641 3975 ὄμμα
674 3892 728 3955 καὶ
759 3892 861 3975 φύσιν.
895 3891 930 3957 Ο.
947 3893 979 3957 0.
1006 3893 1078 3955 318.
1111 3892 1208 3955 Arist.
1237 3890 1293 3973 Eq.
1319 3891 1391 3953 550.
1428 3890 1565 3973 φαιδρὸς
1597 3891 1676 3971 λάμ-

450 4006 540 4045 ποντι
563 3983 740 4063 προσώπῳ.
780 3979 837 4057 Qu.
861 3981 1008 4064 λαμπρὸς
1031 4018 1073 4026 -
1098 3983 1232 4063 εἰσορᾶν.

540 4073 590 4133 82.
615 4072 654 4134 οὗ
682 4071 743 4152 γὰρ
771 4073 875 4134 δν-
901 4071 1003 4155 εἷρπε]
1042 4069 1118 4135 Sub.
1151 4073 1180 4133 εί
1203 4071 1249 4152 μὴ
1278 4069 1359 4152 ῆδὺς
1386 4067 1433 4151 ἦν.
1467 4068 1511 4132 01.
1537 4070 1610 4131 318.
1638 4069 1677 4132 οὐ

428 4159 512 4243 ’γὰρ
545 4162 584 4223 ἃν
618 4160 704 4241 δεῦρ’
737 4159 861 4242 ἱκόμην.
895 4159 929 4223 Ο.
947 4160 979 4225 0.
1010 4162 1060 4223 98.
1091 4162 1162 4223 125.
1194 4162 1265 4223 148.
1295 4160 1367 4221 746.
1405 4157 1452 4220 ΕΙ.
1479 4159 1677 4222 3231305.

518 4250 639 4313 εἰκάσαι
669 4248 740 4333 μὲν]
775 4248 969 4324 Quatenus
1002 4249 1194 4330 conjicere
1226 4249 1327 4312 lieet.
1407 4246 1497 4332 ἡδὺς]
1530 4246 1677 4312 Laetus,

452 4338 600 4422 Anglice‚
632 4339 818 4422 pleasant,
857 4340 892 4402 in
928 4339 1011 4421 guod
1048 4339 1192 4401 humour.
1237 4337 1281 4401 01.
1311 4339 1384 4401 929.
1422 4338 1447 4401 Ι.
1472 4358 1500 4421 q.
1533 4337 1678 4420 φαιδρός.

451 4429 503 4493 Sic
526 4428 658 4511 τερπνὸς
681 4428 794 4492 Aeseh.
818 4430 878 4512 Ag.
907 4430 975 4491 147.
1009 4427 1127 4491 Contra
1150 4428 1251 4511 ἀηδής
1275 4428 1508 4510 (duwneast).
1531 4428 1580 4490 Tr.
1604 4428 1677 4490 869.

451 4517 553 4600 ἀηδὴς
576 4518 629 4581 καὶ
652 4519 925 4601 συνωφρυωμένη.
952 4516 1000 4580 ΕΙ.
1017 4518 1090 4580 666.
1114 4519 1225 4600 φέρων
1240 4518 1355 4599 λόγους
1377 4518 1470 4601 ἡδεῖς.
1496 4518 1547 4579 56.
1570 4516 1678 4600 ἡδεῖαν

452 4606 551 4688 φάτιν.
577 4608 650 4671 Ant.
674 4608 722 4669 12.
745 4608 911 4689 μῦθος-
928 4608 1003 4670 οὔθ’
1027 4606 1107 4689 ῆδὺς
1130 4609 1194 4671 οὔτ’
1219 4608 1366 4690 ἀλγεινός.

541 4698 592 4759 83.
615 4696 814 4779 πολυστεφῆς
838 4734 879 4743 -
904 4696 1044 4779 δάφνης]
1088 4697 1206 4760 Multa
1242 4699 1349 4760 lauro
1386 4701 1606 4775 cometen,
1642 4699 1679 4757 ut

452 4784 587 4867 θεωρός.
627 4785 671 4849 01.
696 4786 809 4849 Aeseh.
834 4785 924 4848 Eum.
951 4788 1001 4848 39.
1034 4786 1124 4867 ἕρπω
1156 4787 1237 4867 πρὸς
1259 4786 1440 4867 πολυστεφῆ
1461 4784 1575 4866 μυχόν.
1604 4782 1677 4847 Eur.
