3984 5850
783 709 909 755 01101101
932 709 1085 757 comissas
1483 693 1546 757 261

317 869 371 934 nal
402 867 512 952 μητέρ’
540 869 616 952 ἀλλη
651 869 775 952 (clviii)
801 875 899 953 μοῖρα
932 869 986 934 τὸν
1018 869 1161 953 φύσαντᾶ
1185 894 1216 934 τε
1240 870 1245 954 Ι
1270 871 1416 936 καθεῖλεν
1437 871 1547 936 Ἅιδου

318 960 519 1041 θανασίμους
543 959 720 1042 οἰκήτορας.

410 1049 504 1112 1690.
528 1047 635 1132 ἀίόας]
660 1049 747 1112 Sors
769 1049 908 1113 fatalis.
947 1049 971 1112 Ι.
996 1069 1025 1132 q.
1048 1055 1155 1131 μοῖρα.
1194 1047 1237 1112 01.
1264 1051 1311 1132 Aj.
1336 1051 1409 1112 517.

409 1138 503 1200 1691.
526 1139 595 1220 βίος
619 1138 658 1202 ού
680 1137 811 1222 βιωτός]
838 1137 1184 1220 01.1100011111.17,17.
1208 1139 1346 1220 ἀβίωτον
1369 1140 1547 1222 ἡγούμενος

318 1227 394 1293 εἶναι
426 1227 481 1292 τὸν
512 1226 624 1291 λοιπὸν
655 1229 725 1310 βίον
758 1229 894 1310 ἐμαυτῷ.
938 1225 986 1292 De
1014 1226 1108 1291 Falsa
1135 1228 1194 1310 leg.
1218 1228 1356 1310 ἀβίωτον
1388 1227 1467 1292 εἷναί
1491 1253 1548 1312 μοι

318 1317 372 1382 τὸν
403 1319 474 1400 βίον
506 1318 655 1399 νομίζων.
688 1317 875 1400 Antiphoni.
906 1318 983 1400 122,
1014 1317 1064 1379 16.
1102 1317 1240 1399 ἀβίωτον
1275 1315 1311 1380 τὸ
1349 1317 1460 1382 λοιπὸν
1492 1325 1548 1383 τοῦ

317 1407 389 1490 βίου
414 1407 522 1480 διάξω.
556 1406 652 1470 Arist.
676 1405 722 1468 Pl.
748 1407 820 1470 970.
853 1406 990 1488 ἀβίωτον
1022 1404 1102 1470 εἷναί
1129 1430 1186 1488 μοι
1215 1407 1371 1489 πεποίηκε
1392 1407 1447 1472 τὸν
1468 1409 1547 1490 βίον.

318 1495 393 1559 Eur.
412 1496 479 1559 Ion.
498 1496 570 1558 670.
594 1495 732 1577 ἀβίωτον
754 1496 837 1578 ἡμῖν.
861 1494 937 1559 Her.
963 1495 1036 1559 606.
1060 1495 1099 1559 ού
1122 1497 1288 1578 βιώσιμον.

409 1582 557 1648 169201
590 1585 707 1666 διόύμα
733 1621 774 1631 -
799 1584 924 1669 ἀρίστα]
960 1583 1073 1648 Dualis
1095 1586 1223 1649 numeri
1249 1585 1398 1649 feminini
1421 1587 1548 1670 generis

319 1675 464 1738 vocativi.
504 1673 661 1739 Construe
684 1671 713 1738 ὦ
737 1674 854 1756 ἀιόύμα
879 1675 987 1756 ἀρίστα
1010 1675 1140 1739 τέκνων.

411 1764 503 1826 1693.
526 1763 561 1827 τὸ
583 1762 690 1846 παρὸν
712 1763 749 1827 ἐκ
771 1762 868 1847 θεοῦ]
901 1763 925 1826 Ι.
950 1782 978 1845 q.
1002 1762 1038 1827 τὸ
1060 1765 1163 1838 θεῖον,
1191 1762 1228 1826 τὰ
1256 1764 1329 1828 θεῖα
1352 1764 1461 1845 (Arist.
1485 1766 1547 1829 Av.

320 1853 392 1916 961.
425 1851 461 1916 τὰ
493 1853 564 1917 θεῖα
591 1851 637 1935 μὴ
666 1852 799 1934 φαύλως
822 1852 918 1934 φέρε).
958 1851 1004 1916 01.
1030 1853 1124 1916 1540.
1148 1853 1226 1916 τούκ
1248 1853 1329 1917 θεοῦ
1352 1853 1466 1937 παρόν.
1490 1854 1546 1918 Ρ11.

321 1942 392 2006 149.
425 1947 526 2024 πειρῶ
555 1941 590 2006 τὸ
618 1941 723 2024 παρὸν
750 1942 946 2024 θεραπεύειν.
979 1940 1058 2005 Ρ101
1083 1941 1176 2026 Gorg.
1201 1942 1316 2006 4990.
1345 1943 1467 2026 ἀνάγκη
1491 1967 1547 2026 μοι

319 2069 360 2078 -
384 2030 420 2095 τὸ
442 2030 547 2114 παρὸν
570 2029 604 2094 εύ
628 2036 736 2094 ποιεῖν.
775 2031 826 2094 Ad
858 2049 926 2094 rem
958 2031 995 2094 01.
1020 2030 1101 2094 Phil.
1127 2031 1221 2095 1316.
1254 2031 1456 2114 ἀνθρώποισι
1487 2032 1547 2114 μέν

318 2123 353 2185 ἐκ
376 2122 465 2186 θεῶν
485 2121 490 2202 Ι
510 2121 606 2203 τύχας
635 2121 782 2190 ὀοθείσας
809 2119 869 2184 ἔστ’
893 2120 1066 2201 ἀναγκαῖον
1089 2121 1205 2203 φέρειν.
1234 2120 1282 2183 Fr.
1308 2123 1381 2184 521.
1409 2121 1515 2204 χρεὼν
1540 2117 1544 2208 l

319 2209 355 2274 τά
378 2211 449 2274 θεία
473 2208 611 2292 θνητοὺς
634 2210 727 2280 ὄντας
750 2210 888 2280 εὐπετῶς
908 2211 1024 2292 φέρειν.
1049 2208 1124 2273 Eur.
1141 2210 1260 2274 Phoen.
1277 2211 1351 2273 393.
1376 2210 1426 2274 ἀεῖ
1437 2212 1546 2294 φέρειν

320 2298 355 2362 τὰ
379 2305 442 2363 τῶν
464 2300 561 2364 θεῶν.
596 2299 689 2362 1776.
722 2298 776 2369 τὰς
809 2298 869 2381 γὰρ
902 2299 938 2362 έκ
961 2299 1051 2363 θεῶν
1083 2299 1224 2380 ἀνάγκας
1251 2298 1371 2382 θνητὸν
1400 2300 1474 2363 ὄντα
1501 2300 1550 2363 clai

321 2389 436 2472 φέρειν.
460 2387 535 2453 Her.
560 2389 633 2452 618.
656 2388 692 2451 τὰ
717 2389 805 2452 θεῶν
828 2389 913 2470 φέρε.
937 2387 1034 2452 Thuo.
1059 2390 1088 2472 2,
1113 2389 1163 2452 64.
1187 2389 1294 2472 φέρειν
1316 2412 1348 2452 τε
1370 2390 1431 2473 χρὴ
1455 2389 1493 2452 τά
1517 2413 1549 2454 τε

320 2477 466 2561 δαιμόνια
490 2478 671 2559 ἀναγκαίως
694 2478 756 2541 κτλ.

410 2568 504 2631 1695.
529 2569 613 2632 ούτοι
650 2566 847 2649 κατάμεμπι’
885 2566 1014 2651 ἔβητον]
1052 2567 1202 2650 14001100,
1238 2586 1316 2650 you
1353 2567 1447 2631 have
1482 2573 1549 2632 1101

317 2657 423 2722 sared
446 2676 486 2721 so
510 2655 632 2739 badly.
673 2656 717 2720 01.
735 2655 770 2720 Ο.
781 2655 817 2718 R.
835 2657 907 2719 882.
931 2657 960 2719 εί
981 2656 1017 2720 δέ
1039 2680 1083 2727 τις
1103 2657 1266 2739 ύπέροπτα
1289 2657 1395 2740 χερσίν
1417 2660 1437 2740 ἢ
1461 2657 1549 2740 λόγῳ

317 2747 497 2828 πορεύεται,
521 2746 584 2809 κτλ.
623 2743 775 2809 Similiter
796 2745 862 2809 1010
885 2746 999 2810 Aesch.
1024 2745 1131 2830 80001.
1155 2746 1248 2810 1062.
1274 2745 1312 2809 τά
1335 2747 1424 2810 θεῶν
1445 2746 1548 2830 μηθὲν

318 2837 452 2919 ἀγάζειν.
521 2834 710 2919 φλέγεσθον]
743 2833 940 2918 8010001010.
979 2834 1082 2900 801101.
1114 2835 1160 2918 μὴ
1189 2835 1300 2919 ἄκρως
1328 2835 1484 2918 φλέγεσθε
1511 2835 1547 2900 τὸ

318 2930 355 2990 ὲκ
379 2927 459 2991 θεοῦ
482 2926 632 3009 πεμφθὲν
656 2924 897 3008 ἀυσανασχέτως
920 2926 1084 3008 φέρουσαι.
1123 2923 1212 3001 Quae
1240 2926 1410 3009 explicatio
1434 2946 1548 3009 parum

319 3016 479 3081 satisfacit.

409 3105 503 3168 1696.
526 3106 565 3169 οὔ
597 3128 643 3168 τοι
675 3102 872 3187 κατάμεμττι’
905 3104 1029 3189 ἔβητον]
1067 3103 1120 3168 810
1158 3105 1320 3187 ύπέροπτα
1352 3105 1549 3188 πορεύεσθαι

319 3194 354 3259 Ο.
371 3194 406 3257 R.
431 3196 504 3258 883.
543 3192 645 3257 Schol.
670 3195 708 3258 ού
732 3218 778 3257 τοι
801 3194 1026 3276 κατάμεμπτος
1049 3195 1105 3277 ἔβη
1125 3195 1370 3276 (καταμέμπτως
1392 3195 1548 3277 έβητονῖ),

318 3286 378 3348 οὐκ
406 3284 440 3347 έν
471 3284 624 3354 τοιούτοις
656 3283 722 3347 ἐστὲ
754 3283 835 3347 ὥστε
871 3283 1146 3366 καταμέμφεσθαι.
1185 3281 1230 3347 01.
1254 3284 1301 3347 l'll.
1327 3284 1421 3347 1093.
1449 3284 1548 3366 μοίρᾳ

317 3373 377 3455 μὲν
400 3373 460 3437 οὐκ
485 3376 519 3437 έν
542 3373 642 3455 ἐσθλᾷ
664 3374 821 3455 βεβῶσαν.
849 3372 941 3435 1056.
967 3373 1042 3435 ὅταν
1066 3371 1126 3455 γὰρ
1151 3373 1184 3436 έν
1207 3379 1319 3443 κακοῖς
1340 3372 1344 3453 Ι
1364 3373 1426 3456 aas,
1450 3373 1546 3455 βεβή-

318 3488 390 3545 κῃς,
414 3463 476 3526 κτλ.
502 3463 574 3525 979.
598 3462 633 3525 εὖ
656 3462 826 3545 βεβηκόσιν
853 3463 937 3525 ποτέ.
971 3459 1006 3524 Ο.
1025 3461 1057 3525 O.
1083 3462 1178 3524 1359.
1207 3462 1287 3526 Phil.
1313 3462 1407 3524 1465.
1435 3464 1492 3524 καί
1511 3462 1551 3542 μ’,

319 3552 448 3633 εὐπλοίᾳ
475 3554 607 3634 πέμψον
635 3552 817 3634 ἀμέμπτως.
847 3551 960 3616 Aescli.
985 3548 1093 3634 Suppl.
1119 3551 1192 3613 266.
1216 3552 1341 3633 πράξας
1364 3550 1547 3633 ἀμέμπτως.

319 3644 392 3705 624.
417 3641 491 3705 Eur.
516 3641 591 3704 Hor.
616 3642 689 3704 610.

409 3731 503 3794 1698.
529 3728 586 3806 Qu.
614 3730 667 3793 καὶ
696 3729 756 3812 γὰρ
785 3731 803 3793 δ
830 3728 955 3812 μηύάμ’
984 3730 1046 3810 ἔφυ
1074 3729 1173 3794 καλὸν
1201 3728 1241 3811 ἦν
1263 3729 1364 3810 φίλον.
1403 3727 1449 3793 01.
1473 3727 1547 3792 Eur.

318 3818 438 3885 Phocn.
463 3822 536 3883 814.
561 3821 600 3883 ού
624 3818 685 3902 γὰρ
709 3821 727 3883 ὃ
750 3819 795 3901 μὴ
819 3818 919 3882 καλὸν
943 3819 1054 3882 οὔποτ’
1077 3820 1138 3901 ἔφυ
1163 3818 1269 3883 καλὸν.

410 3910 503 3974 1699.
528 3909 622 3973 ὁπότε
646 3932 680 3991 γε
702 3908 755 3971 καὶ
778 3907 833 3971 τὸν
856 3906 915 3991 -]
945 3905 1037 3972 Latet
1064 3908 1098 3971 in
1128 3910 1177 3972 his
1205 3907 1391 3990 corruptela.
1430 3907 1549 3972 Proba-

318 3998 392 4063 bilis
416 4005 463 4063 est
485 3998 697 4063 Heimsoethii
721 3997 874 4061 correctio
898 3998 961 4068 ἕως
984 4000 1012 4079 γ’
1036 3996 1078 4060 ἔτ’
1101 3998 1198 4061 αὐτὸν
1223 4034 1278 4061 -.

411 4089 503 4152 1700.
528 4086 557 4152 ὥ
580 4087 686 4172 φίλος]
711 4087 755 4152 01.
774 4085 970 4150 1111311101).
991 4086 1084 4149 1168.
1108 4085 1138 4151 α’)
1160 4087 1265 4170 φίλος,
1289 4083 1319 4150 α’)
1342 4086 1441 4169 φίλος.
1466 4084 1502 4149 Ο.
1512 4084 1549 4149 R.

321 4178 415 4241 1321.
440 4178 479 4241 ἰὼ
530 4178 602 4248 ίλος.

410 4202 582 4331 1701φτόν
615 4267 662 4329 ἀεὶ
693 4265 773 4330 κατὰ
798 4271 855 4348 γᾶς
878 4264 993 4329 σκότον
1011 4264 1069 4349 -]
1104 4265 1147 4329 01.
1174 4266 1268 4329 1584.
1300 4264 1348 4327 ΕΙ.
1375 4266 1469 4328 1075.
1498 4266 1547 4348 Aj.

321 4356 393 4419 342.
422 4356 476 4420 τὸν
504 4357 598 4421 εἰσαεὶ
622 4393 663 4402 -
687 4356 812 4439 χρόνον.
848 4355 962 4419 Aesch.
988 4356 1046 4437 Ag.
1073 4354 1166 4419 1450.
1198 4355 1293 4437 μόλοι
1324 4354 1379 4417 τὸν
1411 4354 1459 4418 ἀεὶ
1490 4355 1547 4435 φέ-

319 4448 408 4527 ρουσ’
432 4446 483 4528 ἐφ’
507 4447 583 4529 ἡμῖν
603 4446 607 4529 Ι
628 4445 728 4528 Μοῖρ’
752 4445 913 4509 ἀτέλεστον
936 4444 1045 4507 ύιτνον.
1069 4443 1147 4507 Ρ101
1168 4444 1276 4528 80100.
1294 4444 1367 4507 208.
1390 4443 1483 4514 κλέος
1506 4444 1549 4514 εἰς

318 4533 372 4597 τὸν
404 4536 451 4599 dcl
483 4536 601 4618 χρόνον
633 4536 795 4599 ἀθάνατον
826 4534 1034 4598 καταθέσθαι.
1070 4533 1143 4596 Eur.
1168 4534 1286 4597 Phoco.
1312 4534 1384 4611 810.
1417 4533 1436 4596 ὁ
1468 4532 1548 4595 κατὰ

318 4623 439 4706 χθονὸς
456 4625 573 4695 Ἅιάας.
606 4623 702 4707 Η100.
727 4626 799 4687 836.
832 4622 867 4687 τὸ
900 4622 979 4686 κατὰ
1013 4628 1070 4705 γᾶς
1092 4623 1221 4705 κνέφας.
1255 4621 1361 4706 80001.
1387 4622 1460 4685 799.
1484 4627 1549 4686 τῶν

318 4713 397 4777 κατᾶ
422 4714 542 4796 χθονὸς
565 4719 698 4796 νεκρῶν.
721 4714 796 4777 1101.
812 4712 860 4777 Fr.
879 4714 952 4777 533.
976 4713 995 4776 ὁ
1020 4711 1049 4775 δ’
1071 4711 1136 4775 ὑπὸ
1160 4717 1218 4794 γᾶς
1241 4712 1324 4794 ᾅδου
1340 4710 1454 4782 σκότος
1478 4710 1550 4775 οὐδ’

319 4804 362 4874 είς
386 4804 510 4885 ὄνειρον
534 4802 613 4886 ἡδὺς
636 4804 823 4885 ἀνθρώποις
844 4803 960 4885 μολεῖν.
1045 4801 1183 4886 εἱμένος]
1213 4800 1258 4866 01.
1282 4801 1358 4865 Eur.
1381 4800 1449 4865 Tro.
1474 4800 1548 4881 496.
