3984 5850
772 709 897 753 ororrns
919 708 1072 752 conomius
1470 688 1532 750 217

308 869 372 942 λεξ’
395 868 460 949 ἐγὼ
481 869 485 951 Ι
510 869 644 950 φράσον.
676 868 750 932 Pac.
775 868 847 930 676.
881 868 941 929 οὐκ
968 866 1009 949 ἦν
1036 866 1088 948 ἀρ’
1112 864 1212 949 οὗπερ
1244 866 1340 949 φησὶν
1372 864 1447 929 εἶναι
1480 872 1535 929 τοῦ

309 958 437 1038 πατρός.
527 956 663 1041 νόμους]
696 957 740 1021 01.
765 956 810 1018 ΕΙ.
838 957 930 1019 1013.
958 957 1079 1026 τούτοις
1102 956 1165 1038 ἐγὼ
1194 958 1252 1038 ζῆν
1277 962 1340 1025 τοῖς
1362 955 1473 1037 νόμοις
1497 956 1535 1019 οὐ

308 1047 476 1130 βούλομαι.
512 1048 582 1109 Ant.
612 1048 680 1109 191.
708 1045 835 1110 τοιοῖσδ’
863 1046 927 1127 ἐγὼ
955 1046 1080 1127 νόμοισι
1107 1046 1192 1128 τήνδ’
1216 1046 1306 1119 αὔξω
1329 1045 1428 1107 πόλιν.
1461 1046 1535 1107 847.

310 1138 389 1206 οἵοις
411 1136 530 1217 νόμοις.
565 1135 638 1198 Eur.
661 1136 756 1219 Hipp.
783 1137 886 1197 1049.
905 1136 965 1217 οὐχ
989 1136 1074 1197 οὕτω
1097 1133 1212 1217 θανεῖι
1233 1134 1342 1216 ὥσπερ
1366 1134 1404 1197 σὺ
1429 1142 1537 1215 σαυτῷ

309 1226 400 1290 τόνδε
423 1226 615 1308 προύθηκας
630 1226 739 1306 νόμον.
762 1224 846 1287 Men.
863 1224 917 1286 IV.
936 1225 1009 1286 227.
1034 1225 1062 1287 εἰ
1083 1224 1112 1286 δ’
1136 1224 1186 1287 ἐπὶ
1203 1230 1267 1293 τοῖς
1282 1224 1388 1293 αὐτοῖς
1402 1219 1534 1307 νόμοιςή

310 1316 362 1394 ἐφ’
395 1315 505 1396 οἷσπερ
541 1315 632 1396 ἡμεῖς
663 1316 800 1383 ἐσπασος
831 1313 886 1378 τὸν
918 1314 995 1394 ἀέρα
1027 1312 1081 1376 τὸν
1112 1312 1230 1386 κοινὸν,
1259 1318 1316 1377 ete.
1349 1312 1446 1375 Anth.
1470 1312 1535 1375 Pal.

310 1403 349 1465 V.
367 1405 440 1467 207.
464 1409 576 1485 φοιτᾶν
598 1409 662 1473 τοῖς
684 1404 797 1486 ταύτης
820 1403 1034 1485 (Ἀφροδίτης)
1057 1403 1117 1465 οὐκ
1140 1402 1284 1466 ἐθέλουσι
1307 1402 1424 1484 νόμοις.

402 1494 474 1556 908.
499 1490 543 1555 01.
567 1492 615 1555 161.
640 1494 712 1555 513.
745 1495 765 1573 ἡ
799 1493 859 1574 γὰρ
883 1493 961 1574 Δίκη
995 1516 1043 1555 νιν
1074 1491 1160 1565 εἷλεν,
1193 1492 1253 1555 οὐκ
1282 1490 1346 1573 ἐγὼ
1369 1490 1462 1573 μόνη.
1487 1492 1536 1573 Aj.

315 1584 385 1644 113.
409 1588 512 1652 κεῖνος
536 1582 570 1645 δὲ
593 1583 665 1645 τίσει
687 1583 780 1665 τήνδε
802 1583 884 1645 κούκ
908 1582 1005 1664 ἀλλην
1030 1581 1127 1664 δίκην.
1212 1578 1465 1663 άρμοσθήσεται]
1490 1579 1536 1642 01.

312 1673 409 1734 Arist.
434 1670 490 1754 Eq.
518 1673 610 1734 1236.
634 1673 668 1734 ἐν
689 1678 787 1735 ταῖσιν
810 1672 952 1753 εὕστραις
974 1671 1141 1740 κονδύλοις
1164 1670 1376 1753 ήρμοττόμην.
1405 1668 1536 1732 Lucian.

312 1761 403 1843 Apol.
430 1762 478 1823 11.
512 1762 543 1823 οἳ
568 1760 623 1831 τὰς
649 1761 754 1832 πόλεις
783 1761 995 1843 ἁρμόττοντες.
1045 1759 1197 1823 Similiter
1226 1760 1320 1823 Arist.
1347 1758 1438 1843 Vesp.
1463 1762 1536 1821 254.

311 1852 341 1913 εί
362 1850 399 1933 νὴ
424 1848 476 1911 Δί’
499 1848 595 1919 αὖθις
617 1850 783 1920 κονδύλοις
806 1849 1014 1931 νουθετήσεθ’
1038 1852 1130 1932 ἡμᾶς.

403 1940 475 2001 910.
499 1940 614 2021 στήσῃς
636 1938 736 2023 ἄγων]
761 1940 805 2003 01.
833 1942 924 2003 1342,
949 1940 1055 2021 στήσω
1079 1942 1106 2001 α’
1129 1938 1226 2019 ἄγων.

404 2029 476 2091 911.
500 2029 544 2092 01.
568 2029 615 2091 ΕΙ.
640 2026 712 2091 800.
737 2028 812 2093 Eur.
837 2028 936 2091 Andr.
963 2029 1056 2089 1274.
1088 2034 1183 2090 ταῦτα
1217 2028 1247 2090 δ’
1280 2028 1377 2100 ἀξίως
1396 2026 1401 2110 1
1422 2033 1538 2108 σαυτῆς

312 2143 344 2181 τε
366 2124 466 2187 ποιεῖς
489 2118 542 2180 καὶ
565 2119 686 2181 τέκνων
708 2124 773 2181 τῶν
796 2120 832 2181 ἐκ
856 2119 957 2181 σέθεν.

403 2208 475 2269 913.
501 2207 594 2269 δίκαι’
627 2207 801 2291 ἀσκοῦσαν]
839 2206 883 2269 01.
906 2208 954 2269 Tr.
979 2209 1052 2269 384.
1086 2206 1159 2269 Eur.
1185 2206 1299 2269 Bacch.
1325 2206 1397 2267 641.
1431 2205 1538 2268 ἀσκεῖν

313 2297 458 2378 σώφρον’
482 2297 677 2379 εὐοργησίαν.
702 2296 808 2380 Suppi.
830 2299 903 2360 882.
927 2296 1108 2378 χρηστότητ’
1132 2296 1303 2379 ἠσκηκότα.
1328 2295 1401 2356 912.
1425 2293 1537 2375 τάγάθ’

312 2387 456 2467 ἀσκήσας
472 2386 561 2467 ἀνήρ.
585 2386 654 2449 Hel.
675 2387 768 2449 1103.
785 2387 906 2456 ἀπάτας
926 2424 962 2433 -
981 2386 1132 2448 ἀσκοῦσα.
1158 2386 1269 2449 Bacch.
1287 2386 1361 2446 476.
1385 2384 1537 2465 ἀσέβειαν.

313 2476 480 2537 ἀσκοῦντα.
507 2477 600 2537 Arist.
616 2473 699 2537 Nub.
718 2476 789 2538 931.
813 2475 921 2537 λαλιὰν
945 2512 986 2521 -
1011 2474 1154 2556 ἀσκῆσαι.
1179 2474 1292 2538 Aesch.
1318 2474 1421 2537 Proui.
1446 2473 1537 2534 1066.

311 2563 461 2646 κακότητ’
485 2564 599 2627 ἀσκεῖν.
624 2565 732 2628 Grates
756 2564 957 2626 Ana1.Br.I.
977 2564 1047 2627 186.
1072 2564 1141 2626 ὅσοι
1163 2562 1200 2625 τὰ
1225 2562 1318 2625 δίκαι’
1343 2563 1501 2626 ἀσκοῦσιν.

404 2654 476 2715 917.
500 2653 591 2716 πόλιν
618 2654 805 2737 κένανδρον]
838 2652 884 2716 01.
910 2653 1021 2716 Aesch.
1046 2653 1130 2716 Pers.
1158 2654 1228 2715 117.
1261 2652 1438 2733 κένανδρον
1468 2652 1539 2732 μέγ’

313 2744 398 2805 ἀστυ.
424 2744 497 2805 736.
515 2745 587 2806 767.
612 2741 720 2826 Suppl.
738 2743 812 2805 660.
835 2744 958 2824 μήποτε
980 2741 1091 2824 λοιμὸς
1115 2743 1244 2823 ἀνδρῶν
1266 2741 1367 2805 τῶνδε
1390 2741 1540 2823 (1.τάνδε)

312 2832 403 2894 πόλιν
426 2832 571 2896 κενώσαι.

404 2923 476 2985 918.
501 2924 568 2986 ἴσον
590 2931 637 3005 τῷ
659 2921 787 3005 μηδενί]
821 2920 865 2985 01.
891 2919 926 2984 Ο.
943 2920 978 2983 R.
1005 2921 1098 2984 1019.
1131 2921 1185 2984 καί
1216 2927 1287 2992 πῶς
1319 2922 1337 2984 ό
1370 2921 1474 3003 φύσας
1507 2920 1541 2994 ἐξ

313 3014 384 3074 ἴσου
411 3020 457 3093 τῴ
483 3013 613 3094 μηδενί·
649 3017 719 3074 Ant.
746 3013 839 3073 1325.
872 3010 926 3074 τὸν
954 3012 1014 3074 οὐκ
1043 3012 1117 3074 ὄντα
1145 3012 1266 3092 μᾶλλον
1289 3015 1308 3094 ἢ
1332 3012 1464 3093 μηδένα.
1492 3010 1539 3073 Tr.

317 3102 410 3163 1108.
433 3103 495 3163 κάν
517 3101 553 3164 τὸ
575 3102 677 3183 μηδὲν
701 3100 737 3164 ιύ.
771 3101 844 3163 Eur.
868 3102 935 3164 Ion.
961 3101 1033 3162 596.
1067 3101 1209 3182 δμηδὲν
1237 3103 1285 3163 ὢν
1312 3101 1374 3174 κάξ
1397 3100 1541 3162 οὐδένων
1591 3159 1592 3162 ,

313 3191 344 3268 (1.
368 3191 432 3252 κάκ
454 3191 616 3271 μηδένων)
643 3191 846 3270 κεκλήσομαι.
886 3189 1002 3252 Herod.
1026 3188 1114 3252 VIII.
1142 3190 1212 3252 106.
1246 3191 1291 3252 ότι
1322 3214 1364 3270 με
1395 3189 1461 3251 ἀντ’
1485 3189 1540 3251 ἀν-

291 3278 392 3359 ·δρός
420 3280 570 3362 ἐποίησας
597 3280 632 3342 τὸ
660 3279 762 3361 μηδὲν
790 3278 874 3342 εἶναι.
943 3287 989 3359 τῴ
1012 3279 1140 3364 μηδενί]
1170 3277 1295 3359 Μηδενὶ
1319 3279 1370 3342 hie
1394 3279 1541 3342 masculi·

315 3389 391 3430 num
421 3375 475 3432 est.
515 3370 645 3450 Alioqui
679 3377 725 3449 τῷ
755 3369 857 3451 μηδὲν
890 3374 942 3444 (sc.
967 3370 1042 3447 ὄντι)
1074 3367 1277 3430 scribendum
1310 3367 1392 3431 foret
1422 3372 1459 3430 ut
1485 3373 1540 3430 τοῦ

313 3457 416 3538 μηδὲν
438 3460 474 3520 in
497 3460 546 3540 Aj.
573 3460 666 3521 1231.

405 3548 478 3611 919.
502 3548 562 3610 οὐκ
586 3547 774 3610 ἐπαίδευσαν
796 3546 910 3631 κακόν]
940 3547 984 3610 01.
1008 3546 1090 3608 Phil.
1110 3547 1203 3608 1361.
1230 3545 1276 3616 οἷς
1300 3545 1359 3627 γάρ
1384 3547 1403 3626 ή
1429 3546 1540 3627 γνώμη

314 3642 427 3699 κακῶν
448 3638 452 3717 1
472 3638 576 3719 μήτηρ
601 3638 737 3718 γένηται,
765 3637 858 3699 τᾶλλα
881 3637 1022 3699 παιδεύει
1046 3637 1167 3705 κακούς
1190 3634 1286 3714 (κακὰ
1312 3637 1413 3716 vulgi.

405 3728 478 3788 923.
501 3727 538 3788 τὰ
562 3732 625 3789 τῶν
648 3727 736 3789 θεῶν
760 3726 818 3809 -Ι
842 3725 981 3809 λκτήρια]
1006 3723 1234 3788 Cf.11ur.Her.
1255 3725 1324 3786 102.
1349 3723 1433 3794 εἰκὸς
1453 3724 1542 3786 θεῶν

314 3816 452 3896 ἶκτῆρας
466 3815 630 3878 αἰδεῖσθαι.

406 3906 478 3966 924.
503 3911 560 3986 σῆς
583 3905 785 3985 ἐπεμβαίνων
808 3904 945 3987 χθονὸς]
980 3901 1022 3966 01.
1048 3904 1120 3965 400.
1147 3901 1181 3966 Ο.
1198 3902 1233 3966 R.
1259 3904 1332 3965 825.
1361 3902 1541 3984 ἐμβατεύειν

315 3994 474 4074 πατρίδος.
508 3993 601 4056 Hom.
626 3993 683 4056 Od.
709 3997 737 4074 5,
763 3997 836 4056 390.
874 4000 949 4076 νῆχε
983 3992 1011 4055 δ’
1045 3993 1246 4074 ἐπειγόμενος
1282 3992 1374 4054 ποσὶν
1411 3992 1541 4073 ἠπείρου

316 4085 468 4165 ἐπιβῆναι.
498 4082 571 4145 Eur.
597 4082 647 4145 Or.
673 4084 745 4145 618.
775 4087 793 4163 ῆ
817 4082 862 4164 μή
889 4085 1020 4164 ’πίβαινε
1052 4081 1281 4162 Σπαρτιάτιδος
1310 4081 1437 4163 χθονός.
1471 4079 1541 4142 Hei.

317 4173 389 4234 929.
414 4175 453 4254 ἢν
477 4170 506 4234 δ’
524 4171 650 4234 Ἑλλάδ’
674 4173 762 4235 ἔλθω
785 4173 914 4254 κάπιβῶ
933 4171 1085 4253 Σπάρτης
1107 4171 1207 4233 πάλιν.
1234 4170 1379 4234 Menand.
1396 4169 1451 4233 IV.
1470 4170 1541 4231 175.

315 4261 402 4324 πλεῖν
419 4299 459 4306 -
477 4261 530 4324 καλ
552 4262 630 4343 μηδ’
654 4262 820 4343 ἐπιβαίνειν
845 4269 909 4344 γῆς.
939 4261 1029 4324 Dein.
1054 4281 1082 4342 p.
1108 4262 1179 4322 368.
1205 4261 1233 4322 εἰ
1252 4261 1352 4342 μήπω
1375 4266 1429 4341 τῆς
1448 4257 1540 4320 ’Aru-

315 4356 376 4433 κής
408 4351 565 4432 ἐπιβαίνει.
599 4350 747 4413 Dinarch.
771 4350 795 4412 I.
820 4354 871 4412 45.
904 4353 941 4413 ὃν
970 4351 1030 4413 οὐκ
1059 4351 1153 4412 ἐῶσιν
1181 4351 1212 4412 οῖ
1243 4349 1335 4430 νόμοι
1367 4355 1421 4429 τῆς
1444 4348 1540 4430 Ἀθη-

315 4440 414 4502 ναίων
437 4440 546 4521 χώρας
570 4440 745 4520 ἐπιβαίνειν.
769 4439 885 4503 Herod.
909 4438 964 4503 IV.
992 4441 1062 4501 125.
1092 4439 1293 4521 ἀπηγόρευον
1316 4437 1464 4519 Σκύθησι
1495 4437 1541 4518 μὴ

316 4530 485 4610 ἐπιβαίνειν
511 4534 576 4591 τῶν
608 4531 769 4610 σφετέρων
802 4531 918 4608 οὔρων.
952 4527 1080 4590 Lucian.
1115 4528 1153 4590 δυ
1177 4528 1254 4610 dips.
1280 4530 1307 4589 7.
1340 4527 1457 4608 ἐπέβην
1489 4533 1543 4608 τῆς

316 4617 448 4699 Λιβύης.
472 4619 512 4681 de
536 4616 565 4680 S.
589 4617 626 4680 D.
645 4619 695 4679 56.
719 4619 811 4699 εὐνῆς
835 4619 987 4700 ἐπιβῆναι.
1012 4618 1094 4680 Plut.
1116 4617 1183 4680 Per.
1202 4617 1251 4679 30.
1276 4618 1310 4685 ὃς
1335 4616 1363 4678 δ’
1387 4618 1426 4677 ἀν
1450 4617 1542 4698 ἐπιβῇ

315 4714 370 4788 τῆς
389 4708 527 4789 Ἀττικῆς
550 4708 612 4769 κτλ.
637 4707 718 4770 Plut.
743 4706 817 4788 Lyre.
843 4708 870 4769 9.
895 4707 965 4770 οὐδ’
989 4707 1133 4789 ἐπέβαινε
1155 4713 1209 4787 τῆς
1234 4705 1434 4787 Λακωνικῆς.
1460 4705 1542 4766 Piut.

316 4796 393 4859 Mar.
411 4797 462 4859 40.
486 4797 676 4879 ἀπαγορεύει
700 4821 805 4860 σοι-
825 4796 947 4879 Λιβύης
978 4796 1024 4878 μὴ
1049 4796 1224 4878 ἐπιβαίνειν.
1258 4795 1360 4858 Schol.
1384 4796 1424 4859 ad
1450 4795 1542 4858 Arist.
