3984 5850
827 706 1023 753 moerim
1474 689 1539 752 413

402 866 475 928 431.
499 863 601 946 σοφὸς
632 863 819 948 παλαιστὴς]
857 865 902 929 01.
931 868 971 931 ad
1004 866 1051 930 ΕΙ.
1083 869 1176 932 1310.
1216 867 1327 931 Aesch.
1356 868 1415 950 Ag.
1447 867 1539 930 1206.

313 953 378 1017 ἀλλ’
402 953 441 1037 ἦν
464 953 635 1037 παλαιστὴς
657 954 745 1037 κάρτ’
769 954 840 1036 ἐμοὶ
861 957 969 1019 πνέων
991 957 1092 1038 χάριν.

401 1046 476 1110 434.
500 1042 537 1106 τὰ
561 1043 706 1128 φίλτατα]
731 1043 775 1108 Of.
801 1043 874 1107 Eur.
894 1045 962 1108 Alc.
980 1046 1053 1108 340.
1078 1045 1116 1110 σὺ
1141 1046 1170 1110 θ’
1194 1047 1360 1110 ἀπιδοῦσα
1384 1051 1439 1128 τῆς
1462 1046 1541 1128 ἐμῆς

311 1132 348 1196 τὰ
373 1133 501 1215 φίλτατα
523 1131 527 1217 ]
547 1139 655 1215 ψυχῆς
677 1135 796 1216 (φυχῆς
817 1132 891 1215 μῬ)
914 1135 1046 1205 ἔσωσας.
1070 1135 1184 1200 Aesoh.
1209 1135 1293 1199 Pers.
1318 1137 1392 1198 851.
1416 1135 1455 1198 οὐ
1479 1134 1540 1217 γὰρ

311 1222 348 1284 τὰ
372 1222 490 1305 φίλτατ’
514 1223 547 1285 ἐν
570 1228 682 1292 κακοῖς
704 1221 927 1304 προδώσομεν.

402 1314 476 1375 435.
499 1311 665 1394 τεθνηκὼς
687 1310 739 1395 ἦν]
764 1309 807 1374 01.
831 1312 879 1375 Tr.
904 1313 977 1374 241.
1001 1313 1107 1397 βεβὼς
1130 1312 1177 1397 ἦν.
1204 1315 1275 1378 165.

402 1401 466 1464 436
484 1420 528 1483 sq.
554 1400 598 1465 01.
615 1399 665 1464 Fr.
682 1401 756 1464 498.
780 1399 866 1483 φιλεῖ
885 1400 945 1484 γὰρ
969 1403 1090 1486 ἄνδρας
1111 1403 1251 1485 πόλεμος
1275 1403 1418 1485 ἀγρεύειν
1440 1404 1539 1472 νέους.

311 1489 337 1553 F
339 1510 362 1553 r.
387 1490 459 1554 649.
483 1489 556 1560 τοὺς
579 1490 713 1572 εὐγενεῖς
740 1488 802 1573 γὰρ
830 1489 998 1572 κάγαθοὺς
1022 1529 1064 1537 -
1088 1491 1172 1575 φιλεῖ
1189 1497 1194 1576 Ι
1210 1493 1304 1576 Ἄρης
1327 1493 1466 1575 ἐναίρειν.
1490 1493 1539 1556 Fr.

314 1581 387 1662 652,
405 1582 434 1643 4.
452 1579 549 1662 Ἄρης
572 1579 633 1662 γὰρ
650 1579 745 1644 οὐδὲν
759 1584 824 1642 τῶν
846 1584 959 1644 κακῶν
974 1581 1132 1656 λωτίζετσι
1147 1583 1204 1664 (sic
1220 1581 1312 1662 Keil).
1336 1581 1453 1666 Adesp.
1467 1583 1539 1644 344.

312 1668 406 1732 οὐδὲν
433 1670 535 1732 κακὸν
563 1668 624 1752 γὰρ
652 1669 772 1752 ῥᾳδίως
800 1669 977 1733 ἀπόλλυται.
1015 1672 1130 1734 Anacr.
1155 1670 1260 1755 Epigr.
1287 1669 1358 1734 101.
1384 1670 1481 1754 Ἄρης
1510 1669 1539 1733 δ’

312 1759 373 1821 οὐκ
405 1758 541 1839 ἀγαθῶν
564 1759 701 1840 φείδεται
733 1758 810 1821 ἀλλά
843 1763 963 1823 κακῶν.
996 1761 1111 1824 Aeseh.
1136 1760 1184 1824 Fr.
1210 1762 1259 1824 94.
1293 1758 1368 1824 Eur.
1391 1760 1441 1824 Fr.
1467 1761 1539 1824 128.

313 1849 410 1910 Arist.
434 1848 512 1910 Acir.
538 1849 610 1910 911.

401 1937 475 1999 438.
500 1937 544 2000 01.
572 1936 620 1999 ΕΙ.
651 1938 744 2001 1224.
777 1937 852 2001 Eur.
876 1936 925 2001 Fr.
951 1939 1025 2022 321,
1051 1939 1078 2001 1.
1113 1944 1333 2022 συμμαρτυρῶ
1365 1959 1426 2002 σοι·
1458 1962 1538 2002 παν-

312 2026 710 2200 νυικιιικι
734 2020 1539 2200 1111141111·..111111

310 2202 347 2285 μ’
371 2204 471 2280 ὅπου,·
508 2203 558 2269 De
588 2205 729 2288 genitivo
762 2205 871 2287 φωτὸς
902 2205 939 2268 cf.
964 2207 1039 2268 441.
1070 2206 1118 2270 Tr.
1144 2209 1216 2272 928.
1242 2207 1336 2270 1122.
1370 2209 1418 2290 Aj.
1447 2208 1539 2270 1236.

312 2294 387 2355 Ant.
413 2294 507 2356 1182.
530 2291 578 2355 ΕΙ.
604 2294 676 2356 311.
699 2292 774 2357 Eur.
797 2294 918 2358 Phoen.
944 2296 1039 2358 1343.
1063 2295 1157 2360 Hom.
1182 2295 1239 2360 0d.
1266 2297 1316 2378 11,
1343 2298 1413 2360 113.
1445 2329 1453 2344 ·

401 2383 475 2445 440.
500 2381 621 2465 σοφοῦ]
655 2381 759 2446 Sensu
781 2403 887 2466 pravo.
928 2384 971 2448 01.
995 2383 1070 2447 Eur.
1096 2385 1194 2449 Andr.
1219 2387 1291 2449 938.
1325 2390 1446 2468 σοφῶν,
1477 2409 1538 2449 ιτα-

311 2471 866 2625 viissssiv'vn‘7m11wigiahffimv'
877 2473 959 2625 1ηηιΙία.
977 2475 1027 2624 5ί8
1095 2476 1194 2626 τίνῦὸν
1210 2474 1314 2559 κυρεῖ]
1339 2472 1383 2537 01.
1401 2474 1448 2538 ΕΙ.
1467 2477 1539 2538 199.

312 2584 376 2623 ετ
452 2586 487 2625 ευ
510 2585 552 2624 κυ
574 2585 608 2625 ει.
662 2581 707 2624 ur.
781 2580 850 2626 oen.
942 2587 1016 2632 ,τς
1038 2587 1079 2626 κυ
1102 2588 1141 2637 ει,
1185 2587 1284 2639 ς-,·

401 2651 473 2715 441.
496 2585 591 2714 ποίδυ
616 2650 651 2714 δέ
673 2651 785 2714 τούτου
802 2650 861 2735 -]
890 2651 914 2714 Ι.
938 2673 964 2716 ο.
988 2587 1139 2722 οὐτοςρδὲ
1161 2653 1233 2734 περὶ
1257 2650 1295 2716 οὗ
1319 2654 1398 2736 ἐρεῖς
1421 2653 1539 2734 (λέγεις)

310 2738 402 2809 ποῖός
434 2740 514 2803 ἐστιν
545 2741 628 2822 πλήν
660 2764 695 2822 γε
726 2741 767 2823 (εἰ
785 2740 845 2823 μὴ)
871 2738 1062 2817 Ὀδυσσεύς;
1101 2741 1145 2806 01.
1171 2744 1243 2805 512.
1271 2742 1354 2826 πρὸς
1380 2749 1474 2806 ποῖον
1497 2741 1539 2805 αὐ

310 2828 395 2891 τόνδ’
423 2827 517 2900 αὐτὸς
544 2828 718 2900 οὑδυσσεὺς
745 2830 845 2906 έπλει,·
880 2831 973 2894 1204.
1001 2836 1095 2894 ποῖον
1122 2832 1201 2914 ἐρεῖς
1233 2831 1299 2894 τόδ’
1328 2833 1420 2909 ἐπος,·
1453 2830 1487 2896 O.
1505 2831 1538 2894 0.

313 2919 385 2981 388.
417 2919 533 2983 ποίοισι
564 2918 701 2995 τούτοις
738 2922 812 2985 Ant
844 2920 936 2984 1049.
968 2926 1062 2985 ποῖον
1093 2927 1185 2985 τοῦτο
1221 2921 1396 3006 πάγκοινον
1427 2923 1539 3004 λέγεις,·

312 3009 362 3089 Aj.
387 3010 437 3071 46.
469 3010 587 3073 ποίοισι
614 3010 742 3092 τόλμαις
769 3010 890 3087 ταῖσδε,·
914 3008 949 3074 0.
965 3008 1002 3073 R.
1027 3012 1107 3078 511.
1171 3012 1266 3075 ποίου
1290 3048 1331 3057 -
1356 3011 1467 3097 ἐρεῖς,·]
1492 3010 1538 3075 01.

311 3098 361 3180 Aj.
389 3098 481 3160 1236.
504 3100 599 3162 ποίου
622 3100 782 3182 κέκραγας
810 3098 928 3182 ἀνδρὸς
951 3097 1012 3163 ὧδ’
1039 3100 1243 3183 θαέρφρονα,·
1266 3100 1313 3164 ΕΙ.
1332 3102 1426 3164 1349.
1451 3102 1486 3165 0.
1503 3101 1538 3165 R.

314 3187 385 3249 102.
408 3189 503 3251 ποίου
527 3187 587 3271 γὰρ
611 3188 730 3271 ἀνδρὸς
751 3188 844 3272 τήνδε
866 3189 979 3271 μηνύει
1001 3189 1114 3272 τύχην;

401 3277 474 3340 442.
499 3278 538 3340 οὐ
560 3283 671 3341 τοῦτον
694 3277 791 3352 εἶπον,
817 3277 895 3341 ἀλλά
920 3276 979 3361 -]
1013 3278 1060 3343 01.
1084 3279 1179 3343 Arist
1204 3280 1371 3359 4111422.
1397 3280 1435 3343 οὐ
1463 3279 1538 3343 Φοί-

311 3389 411 3439 νικος,
435 3369 488 3439 οὐ,
509 3366 514 3447 Ι
534 3366 601 3429 ἀλλ’
625 3368 730 3449 ἕτερος
752 3365 792 3450 ἦν
819 3367 966 3438 Φοίνικος
989 3368 1192 3451 ἀθλιώτερος.

400 3457 474 3517 443.
499 3456 559 3519 οὐκ
582 3458 622 3519 ἃν
645 3455 746 3539 εἵλετ’]
770 3456 843 3539 Leg.
867 3458 928 3520 οὐκ
951 3460 991 3519 ἀν
1013 3457 1117 3541 ᾐδεῖθ.
1157 3458 1200 3521 01.
1226 3459 1338 3522 Aesch.
1362 3457 1447 3521 PerS.
1465 3460 1537 3522 810.

312 3544 351 3606 οὐ
374 3544 463 3607 θεῶν
485 3546 580 3627 βρέτη
601 3545 606 3628 Ι
625 3545 763 3628 ᾐδοῦντο
786 3547 891 3609 συλᾶν.
973 3548 1107 3620 εἶσάπαξ
1130 3546 1236 3630 εἰπεῖν]
1270 3547 1314 3611 01.
1339 3546 1413 3611 Eur.
1439 3548 1538 3610 Andr.

313 3634 386 3696 944.
410 3633 476 3696 ἀλλ’
501 3634 609 3697 οὔποτ’
633 3635 755 3698 οὔποτ’·
780 3635 903 3718 οὐγὰρ
927 3637 1060 3710 εἰσάπαξ
1080 3636 1153 3718 ἐρῶ.
1222 3636 1305 3699 ὅπου
1324 3636 1436 3719 μηδελς
1459 3636 1538 3720 ἐῴη]

312 3721 336 3784 Ι.
360 3740 386 3785 ε.
411 3722 465 3786 ubi
490 3742 617 3809 omnes
641 3731 822 3788 vetarent.
862 3724 906 3788 01.
932 3726 979 3808 Aj.
1007 3727 1100 3789 1184.
1124 3728 1185 3789 κᾶν
1207 3726 1318 3808 μηδείς
1341 3726 1385 3807 ἐᾷ.

401 3812 465 3875 446
482 3832 527 3895 sq.
552 3812 596 3877 cf.
621 3812 671 3876 Fr.
695 3815 769 3897 651,
793 3816 821 3876 2.
853 3813 927 3884 τοὺς
959 3815 1092 3897 εὐγενεῖς
1124 3815 1186 3896 γὰρ
1213 3814 1392 3897 κάγαθοὺς,
1420 3813 1537 3887 ῶπαῖ,

311 3901 396 3984 φιλεῖ
412 3901 416 3985 Ι
430 3903 527 3984 Ἄρης
550 3903 689 3985 ἐναίρειν.
713 3902 761 3965 Fr.
779 3903 854 3984 651,
869 3907 898 3968 4.
915 3903 1013 3987 Ἄρης
1036 3904 1096 3987 γὰρ
1113 3904 1207 3968 οὐδὲν
1230 3910 1294 3967 τῶν
1317 3910 1429 3969 κακῶν
1448 3904 1537 3969 λωτί-

310 3993 399 4065 ζετσι.
423 3992 512 4073 Trag.
537 3992 641 4076 adesp.
666 3994 738 4056 344.
763 3992 858 4057 οὐδέν
880 3993 983 4057 κακὸν
1006 3992 1094 4075 (γὰρ)
1118 3994 1239 4075 ῥᾳδίως
1262 3994 1439 4057 ἀπόλλυται.

400 4083 474 4145 446.
498 4080 617 4166 ἔμελλ’]
651 4081 695 4145 01.
720 4084 794 4146 Ant.
819 4084 893 4146 448.
925 4083 1002 4165 ᾔδη·
1034 4084 1063 4145 τί
1090 4082 1119 4145 δ’
1144 4083 1203 4146 οὐκ
1232 4083 1378 4166 έμελλσν,·
1410 4085 1538 4167 ἐμφανῆ

331 4192 350 4231 α
400 4169 443 4233 ’ν.

312 4194 329 4249 γ
353 4193 372 4251 ρ
395 4194 474 4321 147.
498 4257 533 4322 εὐ
556 4260 814 4345 περιστέλλουσιν]
843 4260 890 4325 01.
914 4263 964 4344 Aj.
988 4262 1062 4324 821.
1090 4263 1191 4344 ἐπηξσ
1220 4261 1249 4324 δ’
1273 4262 1369 4325 αὐτὸν
1392 4261 1426 4325 εὐ
1450 4287 1536 4346 περι-

312 4347 429 4418 στείλας
452 4348 524 4429 ἐγώ.
549 4348 623 4412 Eur.
640 4348 723 4413 Med.
742 4350 835 4412 1034.
856 4350 910 4413 καί
925 4351 1150 4414 κστθανοῦσαν
1172 4352 1277 4434 χερσίν
1293 4350 1328 4415 εὐ
1344 4353 1537 4434 περιστελεῖν.

313 4438 385 4497 582.
414 4437 540 4520 γλώσσῃ
570 4437 631 4520 γὰρ
654 4438 762 4520 αὐχεῖν
789 4438 889 4502 τᾶδικ’
918 4438 952 4502 εὐ
975 4441 1169 4521 περιστελεῖν.
1199 4439 1292 4505 Here.
1319 4442 1412 4503 1129.
1437 4441 1473 4503 τὰ
1497 4441 1536 4505 σά

310 4526 509 4607 περιστέλλου
532 4527 626 4589 κακά.
651 4525 703 4589 01.
729 4528 823 4591 1066.
851 4529 926 4592 Eur.
951 4529 999 4591 Fr.
1024 4531 1097 4592 463.
1122 4530 1150 4591 εί
1171 4530 1199 4592 δ’
1224 4528 1282 4593 οὐν
1305 4531 1424 4611 γένοιτο
1447 4532 1536 4613 (ἀτη),

310 4615 372 4697 χρὴ
405 4615 590 4697 περιστεῖλαι
621 4616 728 4686 καλῶς
753 4616 758 4699 ]
782 4618 959 4699 κρύπτοντα
991 4619 1046 4681 καί
1073 4618 1122 4702 ,μὴ
1155 4624 1231 4682 πᾶσι
1263 4620 1432 4701 κηρύσσειν
1464 4620 1537 4683 τάδε

312 4704 450 4785 (naudi).
490 4704 643 4768 Similiter
670 4707 828 4787 περιέπειν
854 4706 920 4771 τινὰ
944 4705 979 4771 εὐ
1007 4706 1123 4771 Herod.
1150 4707 1220 4771 Vll.
1247 4709 1318 4771 182.
1344 4716 1400 4773 ete.
1470 4710 1536 4773 δαί-

309 4794 421 4879 μονες]
445 4792 469 4855 Ι.
494 4814 522 4877 q.
546 4794 624 4857 θεοῖ.
664 4792 709 4857 01.
733 4796 806 4857 462.
830 4796 877 4859 Tr.
903 4797 975 4859 280.
1000 4802 1056 4861 θίε.
