3984 5850
841 659 967 705 οταιεσε
989 660 1051 704 κστ
1497 643 1560 708 391

330 822 502 905 χ’,οαεαεμ
542 818 586 882 01.
608 818 700 902 Soph.
718 819 797 882 00.
817 821 910 883 1165.
926 819 1076 884 ἀπελθεῖν
1090 822 1115 882 τ’
1132 819 1285 903 ἀσφαλῶς
1300 825 1354 903 τῆς
1371 820 1456 905 δεῦρ’
1473 822 1561 886 ὁθοῦ.

333 911 426 975 Arist.
444 908 515 972 Pac.
537 908 629 971 1155.
652 914 707 991 τῆς
729 909 826 991 αὐτῆς
849 909 937 972 ὁάοῦ.
960 908 1114 992 Theophr.
1131 909 1221 974 Char.
1237 907 1292 972 IV.
1315 909 1370 972 καλ
1392 915 1447 992 τῆς
1462 911 1560 994 αὐτῆς

334 999 412 1062 ύάοῦ
435 999 631 1080 κομίσασθαι
653 997 730 1078 παρ’
749 997 876 1080 Ἀρχίου
899 1004 955 1062 τοῦ
974 999 1129 1081 ταρίχους.
1167 997 1353 1063 Dindorfius
1369 1018 1442 1063 cum
1458 999 1560 1064 Wun-

333 1088 406 1151 dero
430 1088 606 1172 genitivum
630 1088 723 1169 pretii
747 1087 841 1151 habet
864 1088 933 1152 coll.
956 1087 1042 1151 0.0.
1062 1088 1156 1151 1505.
1179 1089 1236 1150 καί
1256 1112 1306 1152 σοι
1328 1089 1418 1152 θεῶν
1438 1089 1442 1171 Ι
1462 1089 1560 1171 τύχην

331 1201 374 1248 τις
397 1177 515 1260 έσθλῆν
537 1177 625 1259 τῆσδ’
649 1178 747 1258 ἔθηκε
769 1183 824 1259 τῆς
847 1177 935 1240 ὁδοῦ.
960 1175 1035 1240 Eur.
1058 1177 1128 1241 Ale.
1151 1178 1244 1241 1046.
1267 1177 1396 1241 πολλῶν
1420 1177 1454 1241 δέ
1477 1179 1558 1261 μόχ-

332 1268 403 1330 θων
426 1265 506 1348 ῆλθε
529 1272 635 1349 χεῖρας
657 1267 701 1336 είς
723 1266 810 1346 έμάς.

403 1357 517 1418 “1481.
541 1354 681 1437 ἀδελφὰς
704 1391 746 1400 -
770 1355 882 1439 χέρας]
912 1355 956 1420 01.
981 1354 1016 1417 Ο.
1034 1353 1065 1418 0.
1091 1355 1185 1420 1261.
1209 1355 1283 1418 Ant.
1311 1357 1381 1419 192.
1406 1354 1481 1420 Eur.
1506 1356 1558 1421 Or.

332 1446 404 1506 222.
428 1445 510 1508 κοῦκ
534 1445 702 1526 ἀναίνομαι
722 1444 726 1527 Ι
747 1445 858 1528 ἀάελφ’
874 1445 997 1527 ἀθέλφῆ
1020 1445 1099 1527 χειρὶ
1119 1446 1307 1526 θεραπεύειν
1330 1445 1419 1528 μέλη.
1442 1447 1558 1510 Aesoh.

332 1533 414 1617 Sept.
439 1533 512 1597 933.
545 1532 651 1615 χερσὶν
678 1533 915 1615 ὁμοσπόροισιν.
953 1532 1003 1598 De
1031 1534 1227 1617 sigmatismo
1256 1535 1291 1597 in
1318 1535 1378 1598 hoo
1402 1553 1496 1599 versu
1519 1536 1557 1598 cf.

331 1621 405 1686 Eur.
429 1621 496 1706 Iph.
519 1623 551 1686 Τ.
576 1624 648 1686 765.
676 1623 711 1686 τὸ
740 1628 835 1705 σῶμα
863 1624 971 1693 σώσας
997 1622 1071 1693 τοὺς
1094 1623 1209 1704 λόγους
1232 1624 1343 1694 σώσεις
1366 1624 1445 1706 ἐμοί.
1475 1625 1557 1688 Med.

332 1714 405 1775 473.
429 1713 533 1776 ἔσωσά
558 1711 595 1786 α’,
620 1713 666 1782 ὡς
688 1714 789 1776 ἴσασιν
806 1711 968 1794 Ἑλλήνων
991 1713 1068 1775 ὅσοι.

423 1802 515 1864 1482.
538 1807 721 1883 φυτουργοῦ
753 1801 889 1884 πατρὸς]
923 1802 967 1865 01.
990 1802 1038 1864 Τι’.
1064 1802 1136 1864 360.
1169 1801 1223 1865 τὸν
1249 1801 1455 1886 φυτοσπόρον
1484 1805 1556 1884 (πα-

330 1891 422 1972 τέρα).
446 1892 560 1954 Aesch.
577 1889 684 1975 Suppl.
703 1892 775 1955 592.
799 1891 904 1973 πατὴρ
927 1891 1116 1973 φυταυργύς.
1140 1891 1215 1954 Eur.
1230 1891 1299 1956 Tre.
1320 1893 1393 1956 481.
1417 1893 1471 1956 τὸν
1494 1917 1556 1976 φυ-

329 1979 465 2061 τουργὸν
488 1979 646 2063 Πρίαμον.
670 1980 737 2063 lph.
756 1983 795 2043 A.
813 1981 885 2043 949.
909 1979 1023 2062 Νηρέα
1046 1980 1228 2062 φυτουργὸν
1255 1979 1392 2052 Θέτιδος.
1416 1981 1465 2046 Fr.
1483 1983 1557 2045 957.

328 2070 494 2151 προσῆλθε
515 2069 610 2152 μητρλ
636 2070 690 2132 καὶ
713 2070 880 2151 φυταλμίῳ
903 2069 1004 2150 πατρλ.
1096 2066 1155 2133 ὥθ’
1178 2069 1270 2154 ὁρᾶν]
1298 2071 1450 2152 “Manus‚
1475 2090 1557 2156 quae

330 2159 502 2222 effecerunt
526 2164 561 2222 ut
583 2161 681 2243 patris
705 2159 813 2222 oculos
835 2177 924 2222 nunc
947 2159 1025 2223 tales
1050 2159 1182 2222 videatis
1206 2159 1316 2242 qualos
1340 2160 1468 2238 videtis,
1492 2161 1513 2222 i.
1530 2179 1555 2224 ε.

331 2247 449 2312 lumine
472 2247 642 2331 privatos.’'
666 2248 784 2327 (Dind.)

420 2337 513 2401 1483.
537 2337 769 2420 προυξένησαν]
793 2336 951 2417 caused,
967 2337 1257 2420 accomplished.
1281 2337 1371 2402 Idem
1388 2338 1452 2402 fere
1470 2338 1556 2420 quod

329 2427 448 2507 ἤνυσαν
471 2428 566 2508 (720).
606 2425 652 2490 01.
681 2424 766 2490 0.0.
790 2427 863 2488 465.
887 2426 934 2489 Τι’.
960 2427 1033 2489 726.
1073 2423 1135 2490 8οά
1168 2427 1274 2510 lectio,
1307 2428 1339 2488 ni
1372 2426 1476 2510 fallor,
1509 2429 1556 2490 vi-

328 2516 409 2578 tiosa
430 2521 485 2579 est.

421 2607 513 2668 1484.
536 2603 683 2689 ἱστορῶν]
717 2605 856 2670 Sciens
896 2604 941 2669 01,
964 2603 1012 2667 Tr.
1038 2605 1110 2668 382.
1143 2605 1257 2670 Aesch.
1285 2606 1345 2687 Ag.
1370 2605 1443 2668 676.
1476 2606 1505 2668 εί
1526 2605 1555 2669 θ’

328 2691 386 2757 οὗν
408 2718 452 2764 τις
474 2695 560 2764 ἀκτὶς
583 2695 672 2777 ῆλίου
696 2719 743 2758 νιν
766 2694 904 2775 ίστορεῖ]
924 2694 1088 2776 βλέποντα.

423 2785 514 2846 1485.
539 2783 677 2867 ῆρόθην]
695 2784 740 2848 01.
751 2783 905 2846 11111110.
919 2784 989 2845 136.
1006 2782 1061 2847 τὸν
1069 2783 1251 2865 πεντήκοντ’
1268 2784 1409 2866 ἀροτῆρα
1425 2785 1554 2849 τέκνων.

420 2874 513 2937 1487.
536 2873 573 2936 τὰ
596 2873 690 2938 λοιπὰ
722 2878 778 2937 τοῦ
811 2878 928 2954 πικροῦ
960 2873 1049 2957 βίου]
1083 2872 1126 2937 01.
1154 2874 1247 2936 1125.
1280 2873 1317 2937 τὰ
1349 2875 1474 2939 πλεῖστα
1498 2880 1554 2938 τοῦ

326 2964 407 3044 βίου.
432 2962 466 3025 0.
478 2963 510 3027 0.
529 2964 601 3025 583.
624 2963 661 3025 τὰ
684 2962 797 3027 λοέσθι’
822 2964 900 3026 αι’τεῖ
919 2969 974 3026 τοῦ
996 2964 1077 3045 βίου.
1106 2964 1198 3025 1137.
1222 2963 1275 3027 καλ
1295 2963 1332 3027 τὰ
1348 2965 1441 3027 λοιπά
1464 2988 1529 3045 μου
1548 2961 1552 3049 Ι

325 3051 425 3133 μέλου
449 3053 587 3122 θικοίως.
620 3052 667 3115 El.
694 3053 787 3116 1226.
820 3054 886 3134 ἔχω
910 3076 944 3115 σε
972 3053 1094 3135 χερσίν,·
1131 3050 1193 3117 ΟΡ.
1223 3054 1269 3124 ὡς
1296 3052 1332 3115 τὰ
1361 3050 1442 3116 λοίπ’
1470 3055 1555 3136 ἔχοις

327 3142 382 3205 ἀεί.
409 3142 502 3205 1288.
534 3141 571 3204 τὰ
603 3142 662 3223 μὲν
694 3142 916 3223 περισσεύοντα
944 3147 1009 3204 τῶν
1036 3142 1142 3223 λόγων
1165 3143 1252 3224 ἀφες.
1287 3142 1366 3205 Phil.
1391 3144 1442 3205 24.
1465 3143 1553 3206 τάπί-

325 3231 419 3294 λοιπα
442 3236 506 3294 τῶν
529 3231 642 3313 λόγων.
670 3226 740 3294 131.
765 3230 862 3314 θέχου
884 3230 922 3293 τὰ
947 3233 1149 3314 συμφέροντα
1172 3236 1237 3294 τῶν
1253 3230 1301 3294 ἀεί
1318 3231 1432 3311 λόγων.
1459 3231 1553 3294 1259.

328 3321 442 3384 Aesch.
459 3320 562 3384 Prom.
581 3321 653 3384 789.
677 3321 751 3384 ἑλοῦ
768 3319 828 3402 γάρ
852 3321 881 3385 εἰ
901 3321 1012 3385 πόνων
1033 3320 1071 3383 τὰ
1094 3320 1188 3383 λοιπά
1212 3342 1260 3383 σοι
1284 3320 1410 3401 φράσω.
1434 3319 1552 3385 Herod.

326 3407 381 3472 IV.
408 3411 525 3473 1541.
549 3408 586 3472 τὰ
610 3409 753 3473 ἐπίλοιπα
777 3416 833 3473 τοῦ
856 3410 962 3491 λόγου.

417 3500 510 3563 1489.
533 3500 640 3563 ἀστῶν
664 3536 705 3545 --
730 3499 867 3582 ὁμιλίας]
901 3500 945 3563 01.
970 3498 1017 3561 ΕΙ.
1042 3499 1115 3561 418.
1140 3498 1262 3561 εἰσιδεῖν
1286 3497 1405 3579 πατρὸς
1423 3535 1463 3547 -
1481 3498 1552 3562 θευ-

325 3589 418 3670 τέραν
441 3589 572 3669 ὁμιλίαν.

417 3678 510 3741 1490.
534 3677 761 3760 κεκλασμέναι]
790 3678 922 3742 Passiva
949 3677 1050 3740 forma
1077 3676 1198 3741 mediae
1222 3678 1309 3741 vocis
1332 3676 1496 3741 κλαίεοθαι
1519 3683 1554 3740 ut

325 3767 500 3849 πεποίημαι
524 3772 579 3830 etc.
620 3766 664 3830 01.
689 3766 724 3829 O.
741 3765 774 3830 0.
802 3767 895 3830 1016.
924 3766 1039 3830 Aesch.
1065 3765 1140 3830 Cho.
1166 3766 1239 3829 719.
1267 3766 1387 3848 τροφὸν
1412 3766 1440 3829 θ’
1461 3764 1552 3849 Ὀρέ·

325 3880 399 3919 στου
423 3855 510 3938 τήνδ’
533 3857 602 3937 ἀρῶ
625 3857 851 3939 κεκλαυμένην.
885 3857 959 3919 450.
982 3855 1191 3937 κεκλαυμένα.
1221 3854 1305 3939 Sept
1329 3856 1403 3919 814.
1426 3861 1553 3919 τοιαῦτα

325 3947 444 4027 χαίρειν
479 3945 534 4009 καί
566 3945 764 4028 δακρύεσθαι
795 3946 890 4027 πάρα.
933 3943 1031 4027 Apud
1063 3944 1239 4009 Homerum
1277 3945 1485 4027 ἀεθάκρυνται
1518 3945 1554 4009 ἀέ

324 4057 381 4114 μοι
404 4035 491 4107 ὄσσε,
516 4034 723 4116 ἀεάἀκρυνται
746 4034 781 4098 ἀὲ
804 4035 937 4114 παρειαί.
962 4033 1044 4097 Plut.
1069 4033 1107 4098 V.
1126 4032 1215 4097 Dem.
1233 4034 1282 4097 26.
1308 4034 1552 4116 ὁεάακρυμένος.

326 4123 364 4184 V.
388 4121 509 4187 Lucull.
534 4126 584 4187 35.
608 4124 751 4194 ταπεινὸς
774 4124 828 4187 καὶ
851 4124 1096 4206 ἀεθοκρυμένος.
1123 4123 1257 4187 Pausan.
1281 4122 1305 4187 Ι.
1330 4127 1381 4187 21.
1406 4126 1434 4187 5.
1460 4124 1551 4187 ἀεάα-

325 4212 487 4296 κρυμίνην
510 4250 552 4261 -
576 4214 630 4277 καί
652 4219 781 4296 κατηφῆ
804 4220 945 4294 γυναῖκα.

417 4303 510 4366 1492.
534 4303 616 4386 ἡνίκ’
639 4304 679 4366 ἀν
703 4302 760 4385 ἀῆ]
794 4301 818 4365 Ι.
843 4322 871 4384 q.
904 4302 1011 4385 έπειθῆ
1042 4303 1081 4366 ἀν
1104 4302 1266 4383 (ἔπειθόν).
1334 4301 1416 4385 πρὸς
1440 4302 1553 4383 γάμων

325 4428 367 4438 -
391 4391 514 4477 ἀκμὰς]
547 4392 571 4456 1
595 4412 624 4475 q.
656 4391 737 4474 πρὸς
765 4392 871 4473 γάμου
894 4392 992 4473 ὥραν.
1033 4390 1077 4455 01.
1102 4392 1174 4455 741.
1198 4392 1263 4455 τίνα
1289 4391 1317 4455 θ’
1340 4390 1448 4474 ἀκμὴν
1471 4391 1553 4474 ἥβης

324 4482 425 4564 ἔχων;
447 4479 522 4544 Eur.
538 4480 609 4545 Hel.
629 4483 678 4543 12.
702 4481 768 4545 έπελ
791 4480 820 4543 θ’
844 4481 877 4551 ές
899 4483 982 4563 ἥβην
1005 4480 1103 4564 ῆλθεν
1127 4481 1229 4563 ὡραία
1254 4482 1397 4563 γάμων·

415 4572 510 4634 1493.
533 4569 745 4654 παραρρίφει]
769 4571 905 4653 Anglice
930 4570 1008 4633 will
1031 4574 1197 4634 venture.
1238 4568 1283 4633 Cf.
1307 4572 1356 4635 Fr.
1381 4570 1454 4634 499.
1478 4569 1551 4633 λεπ-

322 4666 377 4742 τῆς
401 4660 452 4723 έπλ
475 4660 579 4743 ῥοπῆς
602 4661 663 4742 γὰρ
687 4659 828 4741 έμπολάς
849 4659 978 4741 μακρὰς
999 4660 1003 4743 Ι
1023 4658 1071 4723 ἀεὶ
1093 4660 1368 4741 παραρρίπτοντες.
1405 4658 1454 4723 De
1477 4678 1552 4724 eon·

324 4750 500 4817 structione
532 4751 569 4814 cf.
594 4752 668 4814 Ant.
693 4750 766 4813 220.
800 4750 859 4813 οὐκ
896 4750 977 4812 έοτιν
1014 4750 1098 4813 οὕτω
1130 4754 1243 4835 μῶρος
1276 4751 1311 4824 ὃς
1343 4750 1453 4814 θανεῖν
1483 4750 1551 4833 ἐρᾷ.
