3984 5850
831 708 962 753 moror
1449 689 1510 752 151

373 866 447 930 898.
470 865 640 950 ἐχρίμπτη]
674 864 720 929 Of.
743 865 861 931 Herod.
885 865 943 930 IX.
968 868 1019 931 98.
1045 869 1072 929 3.
1096 867 1277 949 ἐγχρίμψας
1299 874 1346 949 τῷ
1368 868 1510 951 αἰγιαλῷ.

284 954 385 1019 Multo
409 956 533 1040 saepius
556 956 684 1039 passiva
707 975 772 1019 vox
794 962 974 1039 usurpatur.

374 1046 446 1109 901.
470 1046 575 1128 νεώρη
598 1043 788 1129 βόστρυχον]
821 1044 866 1109 01
890 1043 925 1108 0.
942 1044 975 1108 0.
1000 1047 1074 1109 475.
1107 1044 1175 1115 οἰὸς
1205 1046 1318 1128 νεώρει
1349 1046 1509 1110 νεοπόκου

374 1224 446 1287 903.
469 1224 607 1307 σύνηθες
623 1222 730 1308 ὄμμα]
755 1222 799 1287 cf.
816 1223 891 1287 Eur.
907 1222 1000 1289 Rhoe.
1017 1223 1090 1287 608.
1114 1224 1300 1307 φθέγματος
1323 1223 1384 1306 γὰρ
1407 1224 1509 1307 ᾐσθό-

282 1338 348 1397 μην
368 1312 373 1395 Ι
393 1318 448 1376 τοῦ
476 1318 535 1377 σοῦ
568 1314 692 1396 συνήθη
726 1319 833 1396 γῆρυν.
863 1313 1053 1379 Αιίειαίάοι.
1076 1312 1100 1374 Ι.
1125 1314 1176 1376 80.
1209 1312 1332 1396 γυναικί
1364 1314 1510 1397 γνωρίμη

282 1402 336 1465 καὶ
358 1402 489 1485 συνήθει
511 1402 690 1485 μίγνυσθαι.
1274 1468 1280 1479 ‚

373 1492 446 1554 906.
469 1498 554 1574 χαρᾷ
570 1490 630 1576 -]
654 1489 697 1555 01.
721 1492 762 1555 ad
780 1492 874 1555 1222.
891 1491 1004 1555 Aesoh.
1022 1493 1132 1575 Agom.
1150 1490 1223 1555 270.
1246 1492 1329 1574 χαρά
1352 1491 1388 1576 μ’
1411 1492 1509 1575 ὑφέρ-

281 1604 332 1644 πει
357 1580 499 1663 θάκρυαν
521 1580 748 1663 ἐκκαλουμένη.

373 1670 445 1733 908.
469 1668 644 1754 ἀγλάϊσμα]
677 1670 722 1734 01.
746 1670 859 1734 Aesoh.
884 1669 959 1734 eho.
985 1670 1058 1733 193.
1086 1668 1163 1734 εῖναι
1185 1669 1251 1734 τόθ’
1275 1670 1431 1753 ἀγλάϊσμά
1454 1692 1510 1752 μοι

281 1765 337 1822 τοῦ
370 1758 519 1841 φιλτάτου
544 1764 548 1840 Ι
572 1761 700 1842 βροτῶν
728 1758 889 1842 Ὀρέστου.
927 1758 1002 1822 Eur.
1026 1758 1073 1822 111.
1098 1760 1172 1823 325.
1208 1758 1296 1841 πυρὰ
1330 1759 1365 1823 or
1395 1759 1511 1843 χέρσος

284 1848 517 1931 ἀγλαϊσμάτων.
549 1847 620 1913 Hel.
647 1849 696 1911 11.
728 1848 764 1913 τὸ
795 1848 916 1932 μητρὸς
948 1848 1114 1931 ἀγλάϊσμα.
1148 1850 1221 1912 289.
1253 1850 1272 1911 ὃ
1297 1848 1326 1912 θ’
1353 1849 1510 1932 ἀγλάϊσμα

282 1937 444 2019 όαιμάτῶν
466 1938 547 2020 ἐμοῦ
570 1938 596 2000 τ’
619 1939 689 2019 ἔφυ.

373 2027 445 2089 909.
468 2034 515 2109 τῷ
547 2026 607 2109 γὰρ
639 2027 794 2110 προσήκει
818 2026 893 2110 -,·]
928 2026 973 2091 01.
1001 2027 1111 2090 Aosoh.
1136 2027 1210 2092 eho.
1237 2027 1309 2091 172.
1342 2027 1402 2092 οῦκ
1429 2027 1510 2090 ἐστιν

281 2116 365 2187 ὅστις
387 2116 470 2199 πλὴν
492 2116 573 2198 ἐμοῦ
596 2114 677 2196 (ἐνὸς
700 2115 809 2196 Dobr.)
831 2115 967 2199 κείραιτό
991 2140 1047 2179 νιν.

373 2206 446 2269 913.
469 2205 537 2269 ἀλλ’
566 2204 642 2269 ooo&
669 2204 729 2287 μέν
759 2205 815 2290 δὴ]
849 2203 893 2269 01.
917 2204 965 2269 Tr.
993 2206 1086 2268 1128.
1119 2205 1187 2268 ἀλλ’
1216 2204 1292 2269 οῦόέ
1319 2204 1379 2287 μὲν
1402 2204 1441 2288 όν]
1467 2241 1509 2253 -

282 2319 325 2377 γε.
348 2294 397 2357 ΕΙ.
424 2294 495 2357 103.
519 2293 585 2357 ἀλλ’
610 2294 648 2358 οῦ
671 2293 731 2376 μέν
755 2295 803 2378 δή.
828 2297 877 2378 ΔΙ.
902 2295 974 2357 877.
999 2292 1066 2357 ἀλλ’
1090 2294 1167 2357 οῦθέ
1191 2332 1233 2341 -
1258 2294 1306 2376 όή.

287 2456 289 2461 .
371 2384 444 2447 916.
468 2382 626 2467 θάρσυνε]
659 2383 723 2449 Hie
751 2383 991 2449 intransitivum
1015 2388 1064 2448 ost
1085 2384 1257 2465 θαρσύνειν
1280 2390 1316 2447 ut
1337 2384 1509 2466 κρατύνειν.

372 2473 445 2536 917.
468 2479 532 2543 τοῖς
554 2473 676 2537 αὐτοῖσί
695 2496 742 2537 τοι
766 2473 824 2557 -Ι
854 2472 899 2538 01.
922 2474 971 2537 rr.
997 2474 1070 2536 713.
1102 2472 1170 2536 ἀλλ’
1194 2471 1296 2555 σῦμὸς
1318 2471 1366 2536 ἀεὶ
1387 2472 1510 2554 πότμος

281 2563 315 2625 ἐν
337 2569 453 2644 πυκνηῖ
475 2562 555 2626 θεοῦ
575 2564 579 2645 Ι
600 2570 708 2646 τροχηῖ
735 2563 891 2626 κυκλεῖται
913 2562 967 2626 καί
988 2562 1191 2644 μεταλλάσσει
1214 2562 1318 2644 φύσιν.
1342 2562 1417 2626 Eur.
1439 2562 1508 2625 Ττο.

284 2652 377 2714 1206.
402 2650 506 2723 οὐθείς
529 2651 624 2723 αὑτὸς
644 2652 767 2733 εῦτυχεῖ
778 2676 854 2715 ποτε
877 2650 1020 2735 Ιεῦτυχὴς
1043 2651 1131 2732 dor).
1198 2650 1402 2735 παραστατεῖ]
1426 2650 1509 2715 Foro

280 2741 472 2823 παρίσταται.
511 2740 557 2804 01.
581 2743 630 2825 Aj.
656 2742 706 2804 93.
733 2741 804 2803 117.
832 2742 924 2803 1383.
955 2738 1034 2805 Plo.
1058 2758 1137 2804 com.
1161 2740 1202 2804 ΙΙ.
1227 2742 1300 2803 639.
1323 2740 1424 2822 τούτῳ
1447 2764 1508 2803 πα-

280 2830 385 2911 ρίστω.
410 2828 564 2895 11611111.
585 2830 655 2893 105.
680 2830 751 2913 ἐμοί
765 2830 919 2912 παράστα.
944 2829 1184 2912 1111115110550,
1205 2830 1231 2891 1.
1255 2830 1367 2893 ἅπαντι
1384 2829 1509 2911 όαίμων

280 2918 373 3002 άνόρί
399 2919 647 3003 συμπαρίσταται
674 2922 943 3004 (συμπαραστατεῖ
962 2919 1013 2998 ol.)
1033 2920 1038 3003 Ι
1058 2918 1156 2991 εὐθὺς
1184 2921 1360 3002 γενομένῳ,
1388 2943 1508 3002 μυστα-

281 3008 387 3091 γωγὸς
410 3014 466 3073 τοῦ
488 3010 560 3094 βίου
581 3009 586 3093 Ι
606 3009 739 3091 ἀγαθός.

372 3099 444 3161 918.
468 3098 504 3161 τὰ
528 3098 682 3182 πρόσθεν]
717 3096 761 3161 01.
787 3099 900 3163 Aesch.
924 3102 983 3182 Ag.
1011 3100 1061 3162 19.
1099 3096 1152 3163 Sic
1183 3096 1220 3161 τὰ
1252 3098 1410 3181 πάροιθεν
1432 3098 1508 3161 Eur.

280 3186 349 3250 Tro.
374 3188 447 3251 807.
470 3187 506 3251 τὸ
528 3188 633 3270 πάρος
655 3187 748 3252 Hero.
772 3188 843 3250 127.
866 3187 901 3251 τὸ
923 3189 1080 3271 πρότερον
1103 3188 1199 3252 Thuo.
1223 3187 1278 3250 VI.
1303 3189 1353 3251 86.
1376 3187 1412 3251 τὸ
1434 3188 1509 3270 πρίν

281 3276 394 3340 Aosoh.
419 3275 522 3340 Prom.
546 3278 619 3340 443.
688 3278 708 3360 ἡ
734 3276 768 3342 δὲ
791 3282 849 3340 νῦν
872 3277 930 3361 -Ι
955 3278 1000 3341 01.
1024 3277 1099 3342 Eur.
1123 3276 1240 3342 Phoon.
1262 3278 1356 3341 1598.
1380 3277 1509 3341 πολλῶν

280 3370 393 3430 κακῶν
416 3366 556 3449 ῦπῆρξεν
583 3365 717 3430 Οἰδίπου
742 3365 854 3447 δόμοις
874 3365 879 3447 Ι
898 3365 964 3429 τόθ’
987 3366 1086 3450 ἦμαρ.
1109 3366 1177 3430 Tro
1194 3367 1268 3429 871.
1292 3366 1338 3436 ῶς
1359 3365 1410 3449 ἄρ’
1433 3366 1509 3450 ιΙμίν

280 3456 319 3518 οῦ
355 3460 502 3538 σμικρῶν
538 3461 651 3519 κακῶν
676 3456 680 3538 Ι
704 3453 800 3539 ἦρξεν
831 3453 867 3518 τὸ
899 3456 1009 3538 όῶρον
1036 3462 1093 3520 oto.
1129 3457 1178 3539 ΔΙ.
1208 3457 1281 3518 282.
1311 3457 1383 3519 934.
1414 3456 1507 3519 1018.

281 3543 380 3608 Andr.
397 3546 470 3608 274.
494 3544 588 3608 Thuo.
605 3543 646 3608 II.
665 3545 714 3610 12.
742 3545 800 3628 ἥδε
823 3546 842 3626 ἡ
867 3545 970 3628 ἡμέρα
994 3551 1058 3616 τοῖς
1073 3543 1202 3628 Ἕλλησι
1223 3545 1373 3626 μεγάλων
1395 3550 1509 3608 κακῶν

280 3634 375 3716 ἄρξει.
399 3634 521 3698 Andoc.
545 3654 574 3718 p.
600 3634 650 3698 71.
674 3637 709 3698 οἳ
736 3635 882 3718 ὑπῆρξαν
905 3640 959 3717 τῆς
982 3634 1163 3717 ἐλευθερίας
1186 3633 1293 3715 ἁπάσῃ
1317 3640 1354 3716 τῇ
1372 3632 1507 3697 Ἑλλάθι.

280 3723 373 3786 etad
398 3724 492 3786 Arist.
517 3722 589 3786 Pao.
613 3724 686 3787 435.
715 3722 898 3806 εὐχόμεσθα
925 3724 981 3807 τὴν
1003 3729 1061 3787 νῦν
1085 3725 1208 3805 ἡμέραν
1228 3721 1392 3805 ΙἝλλησιν
1414 3722 1508 3803 ἄρξαι

279 3817 355 3876 πᾶσι
377 3813 505 3876 πολλῶν
532 3813 696 3894 κάγαθῶν.
726 3811 859 3877 Μοαοεί.
884 3814 956 3875 242.
985 3812 1063 3883 θεὸς
1085 3817 1149 3882 τοῖς
1171 3812 1312 3893 ἀργοῖσιν
1343 3811 1382 3874 οῦ
1414 3813 1507 3893 παρί-

280 3924 392 3965 σταται.
426 3903 499 3964 252.
531 3900 609 3972 θεὸς
641 3901 670 3965 θ’
699 3902 933 3984 ἁμαρτάνουσιν
965 3903 1005 3966 οῦ
1037 3901 1226 3984 παρίσταται.
1252 3900 1325 3963 624.
1348 3900 1508 3964 πολλοῖσιν

280 3991 402 4061 ἀόίκοις
429 3992 448 4073 ἡ
477 3991 555 4074 τύχη
583 3991 774 4074 παρίσταται.
805 3991 883 4054 Plat.
907 3989 947 4053 11.
972 3991 1046 4054 639.
1073 3992 1176 4072 τούτῳ
1198 3991 1351 4071 παρίστω.
1381 3990 1430 4070 Aj.
1456 3989 1506 4052 92.

280 4077 309 4143 ῶ
332 4080 415 4163 χαῖρ’
434 4080 556 4144 Ἀθάνα
574 4081 682 4151 -ῶς
705 4079 740 4144 εὖ
762 4081 927 4163 παρέστης.
953 4080 1025 4143 117.
1048 4080 1165 4144 τσιάνθ’
1189 4079 1240 4143 άεί
1258 4102 1315 4160 μοι
1338 4078 1508 4160 ξύμμαχον

165 4187 169 4195 ’
278 4169 476 4252 παρεστάναι.
512 4171 605 4234 1383.
637 4170 739 4252 τούτῳ
771 4170 833 4252 γάρ
861 4171 909 4233 ῶν
936 4171 1081 4253 ἔχθιστος
1103 4170 1253 4252 Ἀργείαιν
1281 4166 1363 4251 ἀνὴρ
1383 4167 1388 4249 Ι
1407 4167 1508 4249 μόνος

140 4264 145 4325 1
279 4259 436 4341 παρέστης
458 4259 572 4342 χερσίν.

370 4349 443 4411 919.
466 4348 581 4433 κῦρος]
620 4347 876 4412 Confirmatio.
918 4348 942 4411 I.
971 4367 996 4411 ε.
1030 4352 1111 4411 rata
1147 4347 1273 4411 faciei„
1313 4343 1356 4408 Cf.
1389 4344 1506 4410 Herod.

279 4435 334 4500 VI.
361 4437 433 4500 129.
465 4437 512 4507 ῶς
536 4437 571 4502 δέ
594 4439 613 4520 ἡ
638 4438 730 4520 κυρίη
763 4438 883 4519 ἐγένετο
911 4441 975 4500 τῶν
1003 4437 1152 4520 ἡμερίων
1173 4442 1228 4519 τῆς
1249 4459 1282 4498 τε
1304 4435 1508 4506 κατακλίσεός

279 4549 310 4588 τε
336 4531 392 4590 τοῦ
425 4526 539 4609 γάμου.
569 4527 681 4592 Aesoh.
709 4525 816 4611 Suppl.
842 4528 914 4589 391.
952 4526 998 4597 ὡς
1035 4526 1096 4589 οῦκ
1133 4527 1240 4608 ἔχουσι
1276 4529 1376 4606 κῦρος
1412 4523 1508 4588 οῦόέν

280 4614 363 4698 ἀμφί
386 4620 453 4679 σοῦ.
476 4616 571 4680 Thuc.
595 4617 634 4678 V.
659 4617 709 4679 38.
733 4617 825 4698 αἴπερ
849 4616 934 4678 ἅπαν
956 4615 991 4679 τὸ
1015 4620 1114 4697 κῦρος
1137 4616 1252 4697 ἔχουσι.

369 4705 442 4768 920.
466 4711 528 4788 φεῦ
551 4711 605 4790 τῆς
627 4704 752 4789 ἀνοίας]
782 4704 826 4768 01.
853 4707 946 4768 1183.
973 4709 1036 4787 φεῦ
1058 4710 1113 4786 τῆς
1135 4703 1287 4785 ἀνύμφου
1311 4739 1353 4749 -
1376 4708 1506 4786 τροφῆς.

282 4794 375 4860 1054.
391 4795 474 4874 Ant.
500 4795 572 4862 603.
597 4795 646 4862 rr.
664 4796 735 4860 517.
760 4794 835 4874 Eur.
855 4792 973 4859 Phoon.
993 4794 1087 4858 1425.
1111 4798 1173 4875 φεῦ
1196 4797 1271 4876 φεῦ,
1293 4796 1407 4858 κακῶν
1430 4797 1506 4867 σῶν,
