3984 5850
872 742 1020 788 inrioonr
1493 727 1555 789 163

420 902 491 963 963.
515 898 669 986 παύεσκε]
697 899 752 965 He
776 906 843 985 put
865 902 980 966 down.
1004 900 1060 984 (01.
1084 902 1132 966 ΕΙ.
1158 903 1241 982 796.)
1266 904 1338 966 949.
1361 904 1554 986 ταμιεύεσκε.

327 991 443 1054 Aesch.
467 990 515 1054 Fr.
541 992 613 1054 298.
646 990 820 1055 κλαίεσκον.
852 990 970 1055 Herod.
995 992 1066 1055 VH.
1093 992 1164 1055 106.
1197 993 1367 1074 πέμπεσκε.
1403 994 1474 1057 119.
1508 1017 1554 1059 σι-

327 1080 481 1143 τεύεοκον.
510 1080 580 1143 119.
596 1082 784 1144 ποιεέσκετο.
807 1079 882 1144 ibid.
902 1082 1041 1162 ἔχεσκον.
1066 1083 1138 1144 211.
1155 1082 1341 1164 φεύγεσκον.
1409 1083 1553 1168 ἐνθέους]

328 1168 404 1233 Deo
438 1168 596 1233 afflatae.
636 1168 680 1232 01.
708 1170 783 1233 Eur.
808 1170 855 1233 ln.
882 1171 975 1233 1632.
1008 1170 1137 1253 μαινάδ’
1170 1172 1283 1235 ἔνθεον
1315 1172 1425 1255 κόρην.
1457 1172 1553 1257 Hipp.

330 1260 402 1321 141.
425 1258 494 1323 Tro.
518 1260 591 1322 255.
617 1260 689 1321 366.

417 1366 489 1429 965.
514 1366 641 1447 ἠρέθιζε
663 1364 817 1450 Μούσας]
843 1365 889 1430 01.
913 1365 1007 1429 Hom.
1029 1366 1066 1429 Il.
1083 1369 1113 1449 4,
1130 1367 1158 1429 6.
1182 1367 1281 1431 αὐτίκ’
1305 1369 1449 1450 ἐπειρᾶτο
1467 1367 1552 1451 Κρο-

326 1455 414 1537 νίδης
437 1456 617 1537 ἐρεθιζέμεν
634 1454 764 1539 Ἥρην]
784 1458 961 1539 κερτομίοις
984 1456 1105 1520 ἐπέεσσι
1128 1463 1186 1521 eto.
1214 1455 1312 1540 Long.
1336 1456 1418 1521 Post.
1443 1456 1500 1521 ΠΙ.
1525 1460 1554 1523 8.

325 1545 520 1715 ἓξητεῆῖρὲηννγης
540 1544 594 1608 καλ
626 1545 774 1627 σύριγγος
804 1546 954 1628 καθάπερ
985 1545 1041 1616 τάς
1072 1545 1213 1629 ἀηδόνας
1245 1548 1278 1617 ές
1309 1546 1364 1629 τὴν
1395 1548 1554 1631 μουσικὴν

416 1742 479 1805 966
496 1760 541 1823 sq.
566 1740 667 1805 Schol.
685 1741 786 1825 Apoll.
802 1741 862 1806 Rh.
879 1742 919 1805 ll.
938 1744 1010 1807 178.
1033 1744 1228 1825 πηρωθῆναι
1247 1743 1282 1807 δὲ
1297 1741 1394 1807 σύτδν
1410 1743 1554 1823 (Phinea)

323 1831 370 1893 ὅτι
395 1868 449 1893 -.
473 1830 648 1914 Σοφοκλῆς
672 1830 706 1894 δὲ
730 1832 776 1894 ὅτι
803 1831 876 1902 τοὺς
899 1832 935 1895 ἐκ
959 1830 1168 1913 Κλεοπάτρας
1195 1832 1284 1903 υίοὺς
1307 1833 1487 1915 ἐτύφλωσεν
1512 1869 1554 1877 -

230 1940 232 1943 ·
322 1919 463 1989 πεισθείς
487 1920 648 2002 διαβολαῖς
670 1921 746 1991 Δίας
770 1920 901 2001 (Ἰδαίας
916 1920 1065 2003 Wagner.
1105 1919 1163 1996 Qu.
1186 1921 1348 1993 Είδοθέας
1372 1919 1553 2002 0111106ρο-

321 2010 407 2089 τίας]
447 2008 495 2071 Do
528 2009 586 2072 hac
617 2009 725 2073 fabola
757 2009 890 2073 consulo
922 2011 1017 2073 schol.
1047 2010 1084 2073 ad
1116 2012 1187 2073 981.
1222 2011 1367 2094 Apollod.
1394 2010 1418 2073 I.
1449 2010 1477 2073 9.
1502 2012 1553 2073 21.

322 2096 381 2161 ΙΙΙ.
409 2100 458 2161 15.
483 2099 510 2161 3.
535 2098 575 2162 ΙΙ.
604 2100 673 2163 178.
703 2098 923 2183 Asclepiadem
951 2101 986 2163 in
1013 2100 1109 2163 schol.
1134 2099 1173 2163 ad
1202 2099 1294 2163 Hom.
1320 2098 1554 2164 06111169.

322 2187 443 2271 Hygin.
466 2186 540 2251 nab.
566 2189 616 2251 19.

414 2294 487 2359 966.
510 2294 599 2376 παρὰ
625 2330 664 2339 -
690 2294 864 2379 σπιλάδων]
894 2294 938 2360 01.
965 2297 1059 2359 1123.
1087 2296 1187 2359 ναίων
1214 2296 1290 2377 παρ’
1317 2297 1427 2378 ὑγρῶν
1446 2295 1551 2379 Ἰσμη-

322 2390 381 2448 νοῦ
406 2384 546 2467 ῥείθρων
570 2384 639 2467 (leg.
664 2386 772 2466 ὑγροῖς
790 2422 829 2430 -
846 2385 1028 2467 ῥείθροιςῖ).
1072 2384 1134 2450 Sed
1159 2385 1284 2449 dativus
1308 2386 1359 2449 hic
1383 2387 1552 2449 restituen-

324 2474 386 2536 dns
412 2474 545 2537 videtur.
635 2472 792 2538 Κυανέων
815 2475 990 2556 σπιλάδων]
1019 2474 1064 2538 01.
1088 2472 1205 2538 Herod.
1226 2474 1281 2537 IV.
1299 2477 1350 2537 85.
1378 2476 1481 2538 ἔπλωε
1505 2474 1554 2538 ἐπὶ

324 2562 380 2633 τὰς
412 2562 560 2633 Κυανέας
592 2563 800 2644 καλευμένας,
837 2563 891 2633 τὰς
922 2564 1079 2645 πρότερον
1110 2563 1270 2646 πλαγκτὰς
1295 2563 1444 2646 Ἕλληνές
1476 2587 1554 2646 φασι

323 2650 409 2716 εἶναι.
435 2654 485 2715 89.
517 2651 572 2722 τάς
604 2652 751 2724 Κυανέας
784 2653 988 2723 διεκπλώσας.
1026 2651 1171 2717 Strobon.
1194 2653 1267 2716 Vll.
1296 2676 1324 2737 p.
1349 2654 1422 2715 319.
1455 2654 1487 2715 al
1518 2652 1554 2716 δὲ

325 2740 465 2804 Κυάνεαι
489 2742 571 2824 πρὸς
592 2750 640 2824 τῷ
662 2742 791 2824 στόματι
813 2748 869 2805 τοῦ
893 2735 1022 2806 Πόντου
1050 2742 1107 2806 εῑσλ
1130 2743 1190 2806 δύο
1214 2743 1350 2826 νησίδια,
1376 2742 1411 2805 τὸ
1433 2741 1493 2824 μὲν
1515 2748 1553 2824 τῇ

323 2830 471 2913 Εὐρώπῃ
504 2830 672 2915 προσεχὲς,
705 2830 739 2894 τὸ
769 2832 803 2895 δὲ
830 2838 868 2914 τῇ
891 2832 985 2914 Ἀσίᾳ.
1019 2832 1093 2895 Enr.
1119 2831 1201 2895 ned.
1226 2834 1253 2895 2.
1286 2831 1434 2901 Κυανέας
1461 2830 1552 2912 Συμ-

322 2920 497 3004 πληγάδας.
528 2921 621 2985 1259.
652 2920 798 2986 Κυανεᾶν
821 2921 1073 3005 Συμπληγάδων
1100 2927 1223 3004 πετρᾶν.
1263 2921 1366 2985 801101.
1394 2920 1460 2984 άντλ
1486 2927 1552 2993 τοῦ,

322 3009 412 3092 παρά
437 3010 472 3074 δὲ
494 3017 557 3081 τοῖς
580 3013 726 3081 κυανέαις
749 3011 894 3092 πελάγεσι
918 3011 1003 3091 (dat.)
1025 3018 1080 3095 τῆς
1096 3011 1232 3095 διδύμης
1247 3011 1403 3093 θαλάττης
1426 3012 1553 3092 γέγονεν

323 3100 461 3182 ἐμφύλια
485 3099 571 3163 κακά
587 3101 658 3182 περί
680 3100 753 3170 τοὺς
773 3100 924 3171 Φινείδας.
959 3101 1115 3170 Κυανέαις
1139 3101 1173 3164 δὲ
1196 3100 1360 3182 πελάγεσιν
1383 3099 1467 3164 εἶπεν
1489 3105 1553 3170 τοῖς

323 3189 387 3252 ύπδ
416 3195 480 3252 τῶν
504 3189 660 3254 Κυανέων
686 3195 812 3271 πετρῶν
838 3191 1081 3273 περιεχομένοις.
1114 3188 1247 3272 Dionys.
1273 3189 1394 3272 Perieg.
1421 3190 1492 3251 166.
1515 3191 1552 3252 ἐκ

322 3285 379 3342 τοῦ
413 3274 442 3342 δ’
475 3279 514 3341 ἂν
542 3279 596 3342 καλ
623 3279 740 3342 πόντον
772 3279 851 3349 ἴδοις
884 3280 1079 3343 διθάλασσον
1103 3279 1201 3343 ἐόντα.
1235 3278 1308 3342 Eur.
1333 3279 1399 3363 Iph.
1423 3277 1454 3340 Τ.
1478 3279 1552 3342 421.

322 3367 378 3439 τὰς
402 3368 627 3450 συνδρομάδας
649 3370 772 3451 πέτρας.
802 3369 914 3433 Aesoh.
939 3367 1026 3433 Pers.
1050 3368 1124 3432 866.
1148 3368 1210 3432 οίαι
1233 3368 1434 3452 Στρυμονίου
1457 3367 1552 3431 πελά-

324 3481 401 3540 γους
420 3456 604 3540 Ἀχελωίδες
627 3457 683 3522 είσλ
705 3457 855 3541 πάροικοι
883 3456 1035 3540 Θρῃκίων
1059 3458 1214 3522 ἐπαύλων.

415 3564 488 3627 967.
512 3565 602 3627 ἀκταί
619 3564 677 3648 -]
702 3564 749 3629 80.
773 3566 837 3628 εἰσί.
907 3565 925 3628 ό
945 3563 1088 3648 Θρῃκῶν
1106 3561 1232 3650 ἄξενος]
1256 3564 1300 3628 01.
1317 3564 1430 3628 Aesoh.
1449 3562 1552 3627 Ptom.

326 3655 399 3717 726.
432 3655 481 3716 ἵνα
503 3653 508 3736 ]
528 3660 653 3736 τραχεῖα
677 3654 796 3717 πόντου
819 3653 1049 3737 Σαλμυδησσία
1073 3655 1207 3736 γνάθος,
1229 3655 1233 3734 Ι
1254 3653 1445 3735 ἐχθρόξενος
1476 3653 1552 3716 ναύ-

321 3767 415 3816 ταισι,
438 3742 574 3826 μητρυιὰ
598 3749 688 3807 νεῶν.
727 3742 829 3808 Sohol.
854 3745 893 3806 ad
918 3744 1021 3828 Apoll.
1045 3743 1145 3806 Rbod.
1169 3742 1210 3806 Π.
1237 3743 1307 3805 177.
1337 3741 1401 3806 ύπό
1424 3742 1553 3805 πάντων

323 3833 522 3914 ὁμολογεῖται
544 3831 598 3897 τὸν
618 3833 713 3896 Φινέα
737 3833 809 3914 περὶ
831 3832 885 3897 τόν
901 3833 1137 3916 Σαλμυδησσὸν
1159 3838 1352 3913 κατοικῆσαι.
1376 3832 1395 3895 ό
1416 3830 1451 3894 δὲ
1466 3831 1551 3893 Σαλ-

322 3920 489 4004 μυδησσός
521 3921 582 3985 ἐστὶ
604 3928 659 4005 τῆς
686 3920 815 4006 Θρᾴκης
850 3921 911 3985 dori
942 3922 1022 3986 κατά
1054 3923 1091 3985 τὰ
1124 3920 1269 4004 ἀριστερά
1303 3921 1471 3985 εἰσπλέοντι
1498 3919 1553 3983 τὸν

323 4010 460 4074 Πόντον.

414 4118 487 4182 968.
512 4117 602 4180 ἀκταὶ
626 4118 820 4204 Βοσπόριαι]
846 4117 920 4182 Sub.
945 4119 1027 4183 είοίν.

414 4207 487 4272 976.
511 4207 689 4290 ἀγχίπτολις
710 4207 822 4291 Ἄρης]
857 4207 909 4273 810
930 4207 1035 4290 Ὄγκα
1063 4206 1194 4278 Παλλάς
1227 4206 1343 4271 dieitur
1374 4205 1552 4289 ἀγχίπτολις

322 4299 356 4360 in
381 4297 495 4362 Aesoh.
520 4295 603 4380 Sept.
629 4298 700 4361 501.
726 4299 802 4380 quio
826 4299 977 4380 templum
1002 4302 1057 4361 aut
1080 4297 1229 4360 sacellum
1254 4298 1322 4379 ejus
1345 4314 1441 4379 prope
1464 4295 1553 4378 oppi-

323 4387 400 4450 dum
424 4387 520 4449 situm
545 4391 618 4450 emt.
657 4384 760 4450 Sobel.
792 4387 880 4470 παρὰ
914 4386 974 4469 γάρ
1002 4386 1103 4469 Θρᾷξι
1130 4391 1253 4468 τιμᾶται
1281 4384 1431 4468 άἌρης,
1464 4384 1553 4454 ὡςύ

322 4475 455 4559 ποιητὴς
488 4474 539 4556 (Il.
567 4477 619 4559 13,
644 4476 733 4555 301.)
766 4477 824 4540 ‘ub
860 4476 920 4559 μέν
957 4475 1008 4560 ἄρ’
1041 4477 1077 4539 ἐκ
1114 4474 1246 4559 Θρῄκης
1278 4474 1438 4557 Ἐφύρους
1473 4475 1552 4557 μέτα

202 4627 205 4631 .
322 4565 577 4648 θωρῆσσεσθον.’
616 4565 713 4648 Ἄρης
746 4565 803 4629 hoc
835 4566 959 4630 lacinus
987 4585 1120 4630 saevum
1153 4572 1184 4629 et
1215 4564 1343 4628 orudolo
1374 4563 1553 4646 inspexisse

324 4654 443 4718 dicitur
467 4655 542 4736 quia
566 4655 672 4718 omnia
696 4655 839 4718 facinora
863 4656 1001 4720 violenta
1024 4656 1055 4719 ei
1079 4655 1137 4717 deo
1161 4654 1392 4735 tribuebantur,
1422 4658 1455 4717 et
1478 4653 1554 4735 quia

323 4745 408 4807 inter
439 4743 516 4808 deos
548 4745 690 4826 regionis
728 4746 818 4808 istius
855 4745 1030 4827 ἐγχωρίους
1064 4743 1245 4808 habebatur.
1289 4743 1375 4806 Hino
1408 4741 1553 4806 Clemens

324 4833 417 4900 Alex.
448 4832 547 4897 Protr.
572 4833 612 4898 Π.
635 4854 664 4919 p.
690 4835 740 4896 24.
774 4833 948 4920 Σοφοκλῆς
981 4834 1016 4898 δὲ
1052 4832 1167 4919 Θρᾷκα
1200 4831 1284 4900 οἶδεν
1315 4831 1412 4897 αὐτόν
1444 4831 1552 4917 (App).
